2145 3366
133 723 186 751 474

241 242 319 281 4114
965 251 1077 280 PARS
1109 252 1235 280 NONA

240 428 472 473 fessorum
494 428 638 486 aliqui
651 427 819 472 docere
834 427 1074 485 possintin
1092 426 1502 472 Universitatibus.
1525 425 1654 480 (Cst.,
1669 426 1744 484 IV,
1759 426 1948 486 X111,C.)

239 505 367 550 Nulli
394 504 655 563 peculiares
686 504 895 562 magistri
931 503 1205 549 Seminariis
1238 509 1540 548 externorum
1575 504 1945 549 adolescentium

240 582 575 627 concedantur.
598 581 664 634 (C.
691 581 767 638 G„
792 581 850 633 ΙΙ,
872 580 946 625 18.
970 606 1029 613 -
1047 580 1153 637 XII,
1183 580 1281 640 25.)

299 713 353 757 V.
374 739 428 745 —
450 714 513 758 De
530 711 791 758 secretario
814 716 860 757 et
885 711 991 756 aliis
1019 710 1318 756 officialibus.
1333 737 1390 743 —
1405 711 1506 755 Erit
1525 711 1665 755 etiam
1686 711 1735 754 in
1758 710 1950 756 Univer-

242 790 457 834 sitatibus
480 789 787 844 Secretarius,
803 788 953 847 sigillo
974 789 1251 843 instructus,
1267 788 1346 846 qui
1369 789 1559 832 nomina
1585 787 1877 832 Scholarium
1905 792 1950 832 et

242 881 405 912 eorum
440 867 802 925 promissionem
836 865 1053 910 servandi
1085 865 1271 923 regulas
1298 879 1444 923 penes
1470 879 1520 909 se
1553 865 1777 909 retinebit
1811 864 1946 921 (Cst.,

245 945 321 1001 IV,
365 958 478 1001 xvn,
518 944 591 1002 3);
634 944 859 998 notarius,
903 943 983 1001 qui
1026 942 1083 986 ad
1127 942 1268 986 fidem
1308 942 1571 986 faciendam
1612 942 1669 986 de
1709 942 1946 1000 gradibus,

244 1022 539 1067 moderatum
568 1022 752 1079 exigere
781 1025 934 1078 potest
952 1020 1242 1077 stipendium
1266 1018 1400 1077 (Cst.,
1432 1019 1508 1075 IV,
1533 1033 1647 1076 XVII,
1673 1019 1716 1074 4,
1747 1019 1826 1078 F);
1856 1019 1949 1063 duo

244 1100 315 1143 vel
344 1106 437 1144 tres
467 1099 628 1143 bidelli
654 1112 747 1142 non
780 1111 836 1142 ex
864 1097 1111 1154 Societate,
1142 1111 1250 1140 cum
1283 1096 1530 1141 commodo
1562 1096 1795 1155 stipendio
1818 1096 1947 1154 (Cst.,

246 1176 323 1232 IV,
355 1190 467 1233 XVII,
499 1175 542 1231 4,
577 1175 657 1233 G);
688 1181 782 1219 tres
815 1174 995 1231 decani,
1027 1188 1083 1217 ex
1109 1174 1305 1232 singulis
1338 1174 1669 1229 Facultatibus,
1695 1187 1814 1232 quos
1841 1187 1951 1218 cum

246 1254 529 1299 Cancellario
558 1259 604 1297 et
623 1252 981 1298 Consultoribus
1001 1252 1177 1296 Rector
1194 1252 1242 1294 in
1271 1252 1661 1296 consultationem
1688 1251 1885 1306 vocabit,
1907 1257 1953 1295 et

245 1332 359 1376 alios
381 1332 538 1386 etiam,
567 1331 639 1375 vel
663 1335 881 1374 externos
907 1330 978 1373 vel
1000 1343 1057 1373 ex
1078 1329 1308 1373 Societate
1336 1334 1478 1387 prout
1500 1329 1754 1387 judicabit,
1780 1328 1951 1387 quihus

246 1410 466 1454 omnibus
492 1407 833 1467 refragantibus
860 1407 976 1450 nihil
1003 1411 1173 1451 statuet
1198 1406 1463 1450 inconsulto
1490 1405 1783 1450 Provinciali.
1814 1405 1949 1462 (Cst.,

247 1487 323 1543 IV,
352 1500 464 1543 xvn,
487 1488 532 1542 5,
556 1486 600 1542 6,
626 1486 683 1529 Η.
708 1512 767 1517 -
798 1484 877 1541 ΙΧ,
901 1497 964 1540 VI,
990 1483 1087 1542 14.)
1108 1484 1210 1527 Erit
1229 1484 1423 1527 demum
1447 1483 1677 1542 Syndicus
1700 1482 1949 1542 generalis,

245 1566 315 1608 vir
352 1577 533 1623 magnae
568 1563 802 1608 fidelitatis
841 1568 888 1607 et
916 1561 1099 1621 Judicii,
1132 1562 1212 1618 qui
1249 1567 1342 1605 tam
1377 1562 1434 1604 de
1467 1561 1682 1619 personis
1720 1574 1859 1618 quam
1895 1560 1952 1604 de

246 1643 387 1686 rebus
409 1642 676 1697 Rectorem,
692 1640 1032 1684 Provincialem
1055 1644 1101 1683 et
1121 1639 1401 1683 Generalem
1421 1638 1695 1682 admonebit
1714 1636 1847 1696 (Cst.,
1873 1636 1949 1691 IV,

247 1733 360 1775 XVII,
387 1720 449 1779 7),
473 1724 645 1777 praeter
672 1718 921 1776 syndicum
947 1716 1281 1775 particularem
1301 1715 1552 1773 cujuslibet
1572 1715 1749 1760 classis.

307 1798 639 1856 Magistrorum
667 1795 787 1839 infra
814 1795 1029 1852 logicam,
1060 1808 1166 1837 cum
1200 1793 1425 1838 Praefecto
1455 1793 1723 1837 scholarum
1755 1792 1952 1836 inferio-

248 1890 371 1931 rum,
408 1875 603 1933 singulis
644 1873 886 1917 mensibus
926 1877 1006 1916 aut
1045 1871 1251 1926 alternis,
1287 1871 1487 1915 aliorum
1521 1871 1661 1914 etiam
1694 1870 1949 1920 interdum,

249 1952 638 1997 consultationem
663 1950 857 1994 habebit
876 1949 1063 1993 Rector.
1094 1948 1179 2005 (St.
1206 1949 1358 2004 Rect.,
1383 1948 1480 2007 17.)

2071 1816 2144 1859 §crille

2019 1952 2023 1956 ι
2070 1893 2142 1936 axx.

2071 1979 2093 2014 ut
2105 1973 2143 2015 >tl

2071 2052 2143 2105 paim

2071 2139 2122 2170 tero
2133 2143 2143 2171 «3

2073 2202 2114 2247 [lt
2129 2220 2140 2249 e

2072 2290 2131 2326 sunt.

2072 2359 2145 2405 mortu

2073 2437 2145 2484 lllmm

2073 2516 2142 2569 tradit
