2145 3366
9 735 78 784 Sllpffl⁸

6 805 79 852 laianu

8 883 50 932 llis,
62 887 79 929 si

5 970 19 1013 2>

7 1039 78 1085 calla

9 1115 48 1159 nisi
58 1119 78 1164 iii

4 1190 77 1241 'lelem

10 1284 46 1315 ens
59 1282 78 1319 et

8 1348 75 1396 lacae

5 1431 67 1474 luerit

5 1508 76 1552 ›sculi-

5 1592 73 1631 uetur.

6 1665 25 1707 xi
35 1678 75 1722 qua

6 1742 72 1794 licata,

0 1822 73 1866 sionis

3 1986 33 2023 est
50 1980 71 2022 in

5 2059 33 2112 'it
46 2059 70 2109 si,

4 2138 71 2195 operi-

17 2216 71 2260 sliitu

6 2295 71 2353 ilgen-

4 2375 69 2431 inger,

19 2452 69 2496 dum

7 2609 68 2655 [ilum

9 2684 69 2733 [erari

15 2762 69 2811 reati

15 2845 70 2889 otest

12 3028 68 3061 lslliisst‘

685 263 740 290 iii-2
773 262 1041 290 rumim-:uus
1073 263 1333 291 siizlll-l'l'x'l'ls
1789 256 1867 293 495)

162 437 381 482 omnibus
406 437 576 495 quibus
598 438 697 481 dari
716 443 873 496 posset
894 443 1100 481 extrema
1123 438 1299 493 unctio,
1322 438 1484 482 eadem
1511 439 1688 484 ratione
1710 440 1869 484 iterari

162 515 326 572 nequit
346 515 434 558 nisi
457 515 643 573 quando
671 516 772 560 haec
796 516 893 573 ipsa
920 515 1080 559 unctio
1109 521 1265 573 posset
1286 516 1458 560 iterari.

222 591 309 636 Sed
345 592 389 635 id
424 606 517 636 non
545 593 741 651 impedit
773 593 886 650 quin
915 593 1134 637 sacerdos
1166 595 1468 637 intentionem
1499 594 1668 638 habeat
1700 595 1873 654 imper-

164 669 309 714 tiendi
336 669 673 728 indulgentiam
697 670 917 714 omnibus
940 670 1087 714 titulis
1108 671 1279 729 quibus
1301 676 1451 728 potest
1473 671 1591 728 fieri,
1617 686 1702 716 nec
1723 673 1872 731 impe-

165 747 231 791 dit
267 747 378 805 quin
425 748 740 792 moribundus
780 762 919 806 opera
954 761 1009 791 ex
1049 749 1211 806 quovis
1258 748 1389 793 titulo
1430 750 1655 808 requisita
1694 751 1870 795 iteret:

163 830 477 883 praeterquam
517 826 644 869 enim
673 825 797 883 quod
836 825 945 868 inde
977 830 1209 884 augentur
1238 826 1384 884 ipsius
1420 827 1750 885 dispositiones
1789 842 1873 887 pro

165 902 330 946 ultimo
364 909 619 957 momento,
653 903 918 947 consulitur
961 903 1171 961 periculo
1211 903 1454 961 nullitatis,
1496 905 1622 964 quod
1662 905 1781 951 forte
1816 907 1874 952 ob

165 980 352 1037 aliquod
374 980 539 1024 vitium
563 980 767 1025 solitario
791 980 924 1024 titulo
946 981 1137 1025 inesset.

224 1057 286 1101 At
306 1057 510 1101 formula
532 1057 677 1102 semel
701 1063 877 1102 tantum
900 1072 925 1101 a
947 1058 1188 1102 sacerdote
1217 1063 1287 1102 est
1310 1059 1573 1116 recitanda,
1599 1066 1644 1105 et
1666 1062 1872 1120 quidem,

166 1147 221 1179 ex
242 1135 520 1179 necessitate
545 1135 810 1189 validitatis,
846 1135 1049 1179 formula
1080 1136 1155 1179 illa
1184 1136 1451 1180 authentica
1482 1137 1748 1183 adhibenda
1785 1146 1873 1198 est,

167 1226 269 1272 quae
290 1213 338 1256 in
361 1213 515 1256 rituali
532 1218 611 1256 aut
628 1213 684 1256 ad
706 1213 882 1257 calcem
904 1212 1122 1256 breviarii
1143 1213 1378 1256 invenitur
1400 1214 1509 1268 (nisi
1532 1222 1696 1274 urgeat
1718 1231 1844 1262 mors
1864 1233 1873 1271 3

168 1296 279 1334 tunc
295 1291 420 1334 enim
441 1291 564 1334 dicat
582 1290 800 1334 sacerdos
823 1304 830 1333 :
855 1290 1208 1347 Inclfzcslyentiam
1224 1291 1489 1347 pleizcwiam
1509 1295 1548 1336 et
1564 1295 1878 1339 remissionem

162 1372 460 1426 peccatorum
495 1369 577 1412 tibi
610 1368 804 1411 concedo
838 1369 887 1410 in
925 1369 1112 1410 ‘nomine
1135 1368 1313 1422 Patris,
1343 1370 1472 1424 etc.).
1499 1369 1617 1414 Aliae
1642 1371 1874 1429 formulae,

168 1446 280 1490 olim
303 1446 352 1489 iu
372 1445 652 1503 quibusdam
674 1444 930 1488 Ordinibus
953 1450 1208 1500 consuetae,
1234 1451 1405 1502 praeter
1426 1446 1582 1490 Consr.
1606 1448 1652 1491 S
1675 1449 1875 1508 Rosarii,

165 1523 261 1582 jain
291 1523 594 1581 antiquantur
615 1522 721 1578 (Leo
742 1521 869 1577 XIII,
898 1521 996 1574 Quo
1027 1523 1248 1577 universi,
1273 1523 1299 1566 7
1318 1523 1423 1580 julii
1445 1523 1594 1580 1882),
1619 1539 1704 1570 nec
1726 1529 1880 1572 valide

169 1601 370 1658 amplius
393 1600 694 1644 adhibentur.
718 1598 980 1657 (Beringer,
1000 1598 1104 1656 5114,
1136 1604 1232 1643 not.
1256 1599 1300 1644 1.
1329 1600 1386 1644 Et
1414 1602 1566 1659 suppl.
1599 1617 1644 1646 n.
1674 1604 1768 1658 33.)

229 1678 328 1722 Nec
355 1677 686 1732 omittendum,
708 1677 791 1721 ubi
818 1676 1076 1720 deficerent
1096 1677 1173 1720 alii
1200 1677 1340 1733 tituli,
1365 1692 1553 1737 semper
1579 1687 1749 1738 praesto
1779 1697 1882 1727 esse

171 1755 510 1814 indulgentiam
549 1755 597 1798 in
637 1754 831 1798 articulo
866 1749 1040 1798 'mortis
1074 1755 1265 1799 cuilibet
1305 1755 1622 1813 Christifideli,
1666 1760 1743 1817 qui
1781 1775 1882 1805 rem

171 1833 500 1877 benedictione
536 1831 790 1889 apostolica
827 1832 1058 1875 munitam
1096 1832 1289 1888 habeat,
1329 1833 1451 1877 illive
1488 1835 1585 1893 qui,
1623 1850 1706 1893 per
1740 1838 1882 1882 vitam

172 1925 347 1955 nomen
374 1911 485 1955 Jesu
512 1910 726 1954 invocare
759 1909 939 1965 solitus,
965 1909 1092 1953 idem
1113 1910 1162 1953 in
1184 1911 1393 1968 periculo
1427 1913 1607 1969 mortis,
1632 1915 1773 1959 corde
1795 1918 1883 1961 sal-

174 1995 284 2044 tem,
308 1987 612 2043 invocaverit3
635 2000 816 2030 necnon
834 1987 901 2030 illi
923 1987 1003 2044 qui
1026 1986 1301 2045 frequenter
1322 2002 1406 2046 per
1423 1990 1581 2046 vitam,
1602 1997 1733 2037 actus
1755 1993 1881 2051 fidei,

174 2067 273 2125 spei
297 2071 341 2110 et
367 2065 572 2110 caritatis
599 2065 877 2109 recitaverit.

233 2144 368 2188 Haud
403 2155 563 2201 paucte
597 2147 779 2186 exstant
808 2142 1117 2201 indulgentiae
1157 2157 1272 2201 quas
1312 2143 1472 2188 fideles
1513 2146 1683 2191 lucrari
1728 2149 1885 2194 valent

175 2222 418 2267 occasione
440 2225 708 2264 nostrarum
738 2220 1020 2263 missionum
1040 2233 1296 2277 operumve
1318 2221 1519 2266 aliorum
1551 2227 1882 2282 quorumdam,

174 2301 243 2344 rel
274 2298 524 2353 visitando,
562 2298 700 2341 certis
728 2297 1012 2355 quibusdam
1047 2298 1233 2355 diebus,
1272 2305 1455 2343 nostras
1489 2302 1724 2362 ecclesia-s.
1760 2304 1886 2357 Quas

175 2377 278 2421 vide
307 2377 354 2420 in
376 2376 538 2433 Comp.
563 2375 594 2419 1.
620 2388 660 2419 c.

235 2455 380 2498 Porro
401 2458 453 2497 ut
472 2458 643 2497 nostrae
670 2452 921 2504 habentur,
947 2453 995 2496 in
1018 2453 1180 2496 ordine
1202 2454 1258 2497 ad
1286 2453 1599 2513 indulgentias
1633 2458 1888 2504 visitationi

177 2531 398 2587 adnexas,
423 2543 516 2574 non
543 2529 696 2573 solum
719 2529 927 2574 ecclesiae
956 2530 1066 2574 olim
1097 2535 1269 2575 nostrae
1296 2537 1340 2576 et
1358 2537 1519 2589 postea
1542 2535 1784 2588 restitutae,
1807 2538 1887 2581 sed

179 2611 318 2654 etiam
347 2607 574 2658 ecclesiae,
609 2619 703 2650 non
734 2607 925 2665 quidem
957 2607 1094 2651 nobis
1121 2609 1339 2666 proprize,
1364 2610 1446 2653 sed
1469 2615 1626 2655 tamen
1647 2612 1889 2659 Societatis

178 2688 286 2731 usui
308 2685 449 2743 pleno
474 2684 771 2739 concreditae,
802 2683 1056 2728 dummodo
1084 2699 1228 2742 penes
1255 2685 1357 2730 illas
1384 2687 1560 2746 aliquot
1586 2704 1610 2733 e
1637 2690 1743 2737 NN.
1776 2695 1890 2738 resi-

181 2765 321 2808 deant
351 2768 397 2806 et
428 2761 687 2805 ministeria
725 2766 885 2805 nostra
920 2762 1109 2820 propria
1150 2762 1336 2820 obeant,
1376 2769 1515 2823 atque
1555 2768 1764 2814 ecclesiae
1797 2772 1891 2817 sint

181 2841 399 2900 publicae.
424 2838 490 2891 (S.
516 2838 565 2883 C.
592 2838 793 2894 Ind.,18
815 2852 919 2896 aug.
942 2838 1076 2890 1868,
1101 2839 1149 2882 in
1172 2840 1305 2892 Inst.‚
1331 2841 1411 2897 III,
1434 2856 1538 2900 app.
1560 2857 1591 2901 1,
1617 2859 1661 2903 p.
1690 2846 1787 2904 30.)

242 2917 438 2970 Quando
474 2916 611 2960 alicui
657 2915 772 2960 festo
813 2916 1075 2970 adnectitur
1116 2917 1423 2975 indulgentia,
1471 2922 1692 2967 translato
1729 2927 1890 2983 quavis

184 2995 390 3054 legitima
424 2994 602 3037 ratione
633 2993 747 3037 festo
779 3007 887 3037 cum
917 2994 1134 3038 exteriori
1165 2995 1476 3041 celebratione
1507 3004 1551 3044 et
1578 3000 1888 3061 solemnitate,

1939 2159 1995 2186 5C5
