2145 3366
138 1759 184 1786 :rr

148 469 199 493 :3325

179 1768 189 1787 1

258 277 336 315 :290
951 285 1062 313 mus
1095 284 1266 320 Qt‘ixrix

316 463 373 506 Il.
401 489 457 494 —
486 464 592 508 Quae
625 462 827 507 vitanda.
866 487 919 494 —
948 461 1165 505 Vitentur
1203 462 1359 506 omnia
1391 476 1496 520 quae
1531 464 1714 508 animos
1751 464 1957 508 dividere

254 546 443 597 possent
478 555 484 583 :
529 540 753 584 doctrinae
791 538 1060 582 disserentes
1097 538 1230 595 (Cst.,
1269 539 1356 596 III,
1397 553 1435 595 1,
1472 540 1570 596 18);
1611 541 1863 599 propensio
1899 542 1956 585 ad

255 619 400 661 varias
438 618 676 672 sactiones,
717 616 972 660 nationales
1018 622 1172 673 partes
1218 617 1352 674 (fist,
1386 618 1442 672 X,
1478 617 1572 674 11),
1611 619 1952 664 contentiones.

254 696 387 753 (Regu
425 696 574 751 Com„
610 695 706 750 28.)
743 694 1098 737 Dissensionum
1133 699 1344 738 auctores
1384 695 1471 738 alio
1511 696 1792 740 amandandi
1829 702 1953 753 sunt,

252 778 331 817 aut
363 773 519 828 etiam,
557 773 593 815 si
628 785 817 815 necesse
853 771 926 826 sit,
963 784 986 813 e
1019 770 1247 815 Societate
1282 771 1565 816 dimittendi.
1605 773 1738 830 (Ost,
1765 774 1891 830 VIII,
1922 788 1954 830 Ι,

250 851 293 905 5,
321 850 376 904 F;
403 876 459 880 —
488 849 546 903 II,
577 850 620 904 2,
647 848 700 891 D.
735 875 792 879 —
820 848 867 892 C.
895 848 969 903 G„
1000 847 1054 905 V,
1082 847 1155 892 15.
1189 874 1244 879 -
1275 848 1389 907 Reg.
1418 849 1550 893 Prov.
1580 849 1684 894 128.
1718 877 1776 882 -
1803 851 1852 895 C.
1878 851 1952 908 G„

250 926 414 981 XXIV,
438 926 510 981 20,
535 941 580 970 n.
604 925 670 981 1.)
694 926 861 969 Severe
884 926 1025 969 etiam
1047 926 1517 970 animadvertendum
1542 928 1680 971 estin
1703 928 1955 986 perturba-

251 1009 374 1048 tores
403 1004 643 1048 Societatis
670 1008 720 1047 ut
743 1008 851 1047 sunt
875 1004 953 1061 qui
982 1008 1283 1065 externorum
1307 1005 1565 1062 patrocinio
1596 1019 1822 1050 novarum
1846 1007 1956 1051 Pro-

250 1082 507 1125 vinciarum
543 1081 827 1124 erectionem
863 1086 1044 1125 tentant
1077 1087 1155 1125 aut
1188 1082 1450 1139 impediunt
1482 1083 1550 1139 (C.
1583 1083 1658 1139 G„
1692 1083 1745 1139 V,
1778 1083 1861 1139 543
1898 1110 1955 1116 —

252 1159 328 1209 ix,
362 1160 431 1215 5);
470 1159 519 1202 in
556 1173 635 1202 eos
670 1159 748 1216 qui
785 1158 955 1203 libellis
989 1158 1262 1204 Institutum
1296 1165 1377 1204 aut
1410 1160 1687 1218 Superiores
1718 1161 1955 1219 impetunt

250 1237 318 1292 (tt.
351 1237 424 1292 (1.,
457 1236 535 1292 IX,
565 1235 664 1294 25);
702 1236 813 1280 item
846 1236 897 1279 in
922 1235 1061 1280 salsos
1089 1236 1336 1290 delatores,
1368 1237 1652 1282 detractores
1686 1243 1732 1282 et
1761 1253 1840 1282 eos
1875 1240 1953 1296 qui

249 1328 327 1357 eos
350 1314 647 1357 manifestare
668 1318 900 1358 recusant.
926 1313 996 1371 (C.
1024 1314 1098 1369 G„
1119 1313 1220 1369 VII,
1243 1314 1316 1370 12,
1339 1314 1419 1370 933
1444 1341 1501 1346 —
1521 1315 1625 1372 XII,
1648 1315 1722 1360 18.
1750 1342 1807 1348 —-
1836 1316 1950 1374 Ins.,

246 1391 374 1441 XIII,
400 1391 644 1450 11’,1,2.)1

300 1506 311 1533 ’1
335 1509 373 1544 Si
395 1509 538 1544 delatio
559 1509 710 1544 occulta
731 1508 863 1551 fuerit,
889 1508 1046 1554 publica
1068 1518 1184 1554 poena
1205 1509 1406 1554 punienda
1428 1520 1507 1546 non
1528 1513 1586 1546 est
1608 1514 1664 1553 (a.
1694 1510 1826 1559 1628).

300 1569 369 1611 Qui
391 1568 557 1603 aliorum
577 1567 838 1614 Collegiorum
856 1567 1031 1603 detectus
1052 1568 1229 1604 referunt
1249 1570 1423 1615 graviter
1444 1570 1633 1616 puniendi
1657 1574 1770 1615 sunt;
1795 1571 1899 1617 quod
1919 1571 1951 1608 si

248 1628 423 1673 ipsismet
445 1627 721 1673 Superioribus
744 1627 782 1662 id
798 1627 975 1663 referunt
995 1627 1032 1662 hi
1056 1628 1268 1664 ostendant
1291 1629 1365 1664 sibi
1392 1629 1429 1664 id
1451 1630 1659 1675 displicere
1680 1634 1735 1671 ((1.
1764 1631 1894 1675 1611).

306 1756 387 1799 Ill.
407 1783 463 1787 —
478 1757 593 1814 Erqa
607 1754 818 1813 hospites
840 1755 895 1800 de
918 1755 1166 1801 Societate.
1185 1783 1242 1787 —
1258 1757 1317 1800 Hi
1330 1757 1586 1802 liberaliter
1599 1763 1644 1802 et
1659 1772 1826 1818 magna
1840 1773 1947 1803 cum

245 1834 469 1878 charitate
497 1833 790 1891 excipiantur
812 1833 860 1876 111
873 1834 1044 1878 nostris
1061 1834 1297 1889 domibus,
1322 1835 1378 1878 ad
1404 1849 1517 1893 quas
1539 1835 1769 1880 divertere
1788 1843 1948 1881 tenen-

244 1915 333 1955 tur.
371 1910 692 1968 Eleemosynis
726 1910 764 1954 si
792 1924 907 1968 opus
941 1911 1001 1955 sit
1028 1911 1268 1968 juventur,
1301 1926 1387 1956 nec
1421 1913 1478 1956 ab
1507 1913 1563 1957 iis
1596 1914 1771 1972 aliquid
1807 1915 1946 1958 etiam

244 1994 406 2047 sponte
447 1989 655 2032 oblatum
694 1988 990 2032 11111111111111111·1
1031 1988 1163 2046 ((131,
1205 1989 1280 2039 IV,
1315 1990 1364 2046 2,
1400 1991 1454 2045 1⁴³3
1489 2017 1547 2022 ——
1586 1990 1671 2047 VI,
1707 1993 1759 2048 2,
1797 1992 1850 2035 D.
1891 2018 1949 2023 —

243 2067 297 2109 R.
320 2067 450 2110 Rect.
473 2065 572 2120 80),
599 2065 687 2108 nisi
713 2065 770 2108 ob
793 2066 1050 2123 longiorem
1074 2080 1254 2110 moram
1276 2067 1427 2124 aliqua
1454 2069 1773 2126 compensatio
1796 2070 1948 2114 danda
2006 2127 2010 2133 ³
2078 2065 2116 2087 ”“

242 2144 454 2187 videatur
486 2158 511 2186 a
545 2142 877 2200 Superirwibus
914 2143 983 2196 (C.
1017 2143 1091 2199 G„
1124 2143 1226 2191 VH,
1258 2144 1364 2201 sis),
1407 2159 1430 2188 a
1469 2145 1640 2204 quibus
1678 2147 1941 2192 mittuntur.

242 2222 406 2279 Egeria
448 2234 555 2263 vero
600 2220 777 2276 domui,
825 2234 917 2277 quo
952 2220 1003 2263 111
1042 2221 1190 2278 major
1235 2236 1511 2280 concursus,
1558 2229 1709 2281 potest
1753 2239 1944 2269 succur-

242 2314 344 2343 rere
372 2297 697 2342 Provincialis.
730 2298 979 2355 Hospitum
1022 2299 1205 2355 negotia
1248 2299 1416 2358 dirigat
1443 2306 1487 2345 et
1519 2302 1650 2359 juvet
1692 2302 1936 2360 Superior.

242 2377 316 2427 (11.
345 2376 474 2419 Rect.
499 2375 593 2431 80).

297 2492 303 2518 1
328 2494 559 2529 ordinatum
588 2492 714 2537 primo
741 2492 868 2527 iuerat
891 2494 932 2527 ut
954 2492 1018 2527 ubi
1048 2492 1087 2526 in
1109 2492 1243 2528 eadem
1272 2494 1430 2529 civitate
1451 2495 1584 2540 plures
1614 2499 1707 2531 sunt
1739 2496 1943 2532 Societatis

240 2554 393 2595 domus,
417 2553 541 2588 nostri
564 2552 737 2597 hospites
759 2551 997 2587 diverterent
1019 2552 1069 2587 ad
1091 2551 1255 2587 Domum
1277 2553 1510 2598 professam,
1535 2554 1611 2589 nisi
1633 2555 1761 2598 aliter,
1786 2560 1945 2602 propter

244 2615 383 2648 bonius
400 2612 603 2658 penuriam
617 2611 677 2646 vel
695 2611 771 2646 alia
790 2611 1049 2654 incommoda,
1070 2612 1253 2657 expedire
1268 2613 1499 2648 Provinciali
1517 2614 1717 2650 videretur
1733 2614 1788 2661 ((1.
1810 2615 1940 2656 1593).

242 2673 400 2707 Domum
419 2680 649 2717 responsum
666 2672 725 2705 est
743 2670 916 2715 hospites
935 2670 982 2705 de
998 2671 1155 2715 propria
1170 2671 1374 2708 Provincia
1390 2673 1583 2708 divertere
1598 2673 1739 2709 debere
1757 2675 1806 2709 ad
1823 2674 1945 2711 Colle-

240 2733 366 2775 gium:
396 2732 460 2776 qui
485 2740 575 2766 vero
600 2740 647 2765 ex
668 2729 757 2765 aliis
779 2730 993 2764 Provinciis
1016 2730 1194 2773 veniunt,
1218 2731 1267 2766 ad
1295 2731 1459 2767 Domum
1481 2733 1699 2777 professam
1721 2733 1777 2779 (a.
1807 2734 1939 2781 1647).

240 2791 481 2826 l’ostulatum
504 2792 562 2825 cst
583 2792 664 2824 tam
685 2799 706 2824 a
728 2789 796 2824 PP.
820 2789 1015 2824 Toletanis
1036 2800 1153 2834 quam
1176 2800 1197 2825 a
1218 2790 1452 2826 Castellanis
1480 2795 1522 2827 ut
1544 2802 1614 2838 pro
1635 2792 1696 2828 his
1717 2793 1942 2830 instituere-

240 2854 303 2885 1111·
325 2850 467 2885 Mati-iti
492 2848 705 2894 hospitium
728 2849 927 2883 diversum
949 2858 970 2884 a
989 2848 1172 2894 Collegio,
1196 2850 1263 2885 sed
1284 2853 1469 2896 negatum
1492 2855 1547 2887 est
1571 2852 1626 2897 (a.
1655 2852 1785 2899 1642).

293 2910 524 2944 ordinatum
554 2908 645 2943 olim
674 2908 800 2943 iuerat
822 2910 864 2942 ut
894 2908 940 2942 iis
967 2908 1032 2953 qui
1065 2919 1224 2955 peregre
1254 2910 1531 2952 adveniebant,
1556 2911 1606 2946 ad
1634 2913 1934 2951 remanendum.

241 2970 398 3003 daretur
421 2978 533 3003 mane
554 2970 590 3002 et
612 2977 772 3012 vespere
798 2967 952 3003 duobus
975 2968 1125 3003 vicibus
1153 2971 1404 3014 antepastum
1431 2972 1468 3005 et
1494 2973 1743 3016 postpastum
1767 2972 1936 3018 duplex;

241 3029 270 3061 si
300 3039 319 3062 a
349 3028 460 3069 long-1·
483 3027 659 3062 venirent
687 3037 807 3062 unuin
839 3027 1026 3061 ferculum
1056 3027 1296 3069 addebatur:
1322 3028 1353 3064 si
1375 3039 1423 3064 ex
1450 3029 1539 3065 aliis
1561 3030 1790 3074 Provinciis,
1812 3032 1940 3068 adhuc

2068 1089 2078 1123 11
2088 1098 2101 1122 ιο

2112 1086 2145 1120 ali<

2067 1213 2094 1244 111·
2114 1215 2144 1241 ,12

2067 1271 2103 1304 lum
2117 1266 2135 1300 l*
