2145 3366
200 222 277 261 358
883 230 995 259 PARS
1026 228 1219 258 SEPTIMA

205 410 428 454 Ecclesiae
455 414 534 453 aut
565 408 737 453 scholae
768 407 966 452 sivesalii
998 407 1275 463 cuicumque
1306 406 1450 464 operi,
1485 405 1784 462 quantumvis
1805 404 1898 461 pio,

205 489 338 546 cujus
360 487 621 530 dominium
643 485 904 543 perfectum
924 485 979 528 ad
997 484 1274 528 Societatem
1290 497 1382 527 non
1399 483 1644 541 pertineat,
1666 482 1756 525 nisi
1774 481 1903 538 prius

206 565 377 619 debita,
407 563 668 607 secundum
691 562 1045 606 Ordinationem
1075 561 1131 605 de
1152 560 1569 605 Administratione
1600 573 1760 602 rerum
1786 564 1903 603 tem-

205 642 437 700 poralium
462 651 513 684 nO
538 641 610 696 25,
645 640 910 683 obtineatur
936 639 1138 683 licentia.
1178 638 1370 693 Quodsi,
1399 636 1657 695 praehabita
1690 635 1904 680 facultate

205 720 376 775 debita,
399 718 572 777 aliquid
602 722 764 761 mutuo
791 716 942 772 detur,
972 717 1035 760 ita
1062 715 1156 771 fiat,
1186 721 1237 760 ut
1257 729 1313 758 ex
1340 714 1635 758 documentis⁴
1663 713 1903 757 authenti—

207 798 272 842 cis
291 796 411 840 clare
434 799 616 839 constet
633 799 862 852 quantum
892 793 1094 837 Societas
1114 806 1169 836 ex
1190 806 1274 836 suo
1295 791 1607 836 foeneraverit.

270 916 290 940 «
318 898 417 942 VII.
443 897 649 955 Singulis
677 896 810 939 annis
833 909 857 939 a
878 893 1186 939 Procuratore
1214 893 1450 937 Missionis
1480 892 1643 936 relatio
1676 892 1907 935 bonorum

209 976 421 1020 omnium
455 974 696 1018 Societatis
732 987 838 1016 cum
878 972 1138 1016 rationibus
1179 984 1492 1029 expensorum
1531 975 1576 1013 et
1610 974 1908 1026 acceptorum

209 1060 304 1111 [per
324 1052 660 1097 Provincialem
683 1052 720 1094 si
742 1051 900 1094 Missio
933 1051 992 1093 sit
1021 1049 1292 1107 dependens
1320 1062 1346 1092 a
1365 1047 1624 1099 Provincia)
1645 1047 1701 1090 ad
1728 1046 1910 1102 Praepo-

209 1133 348 1175 situm
378 1129 643 1187 generalem
668 1129 891 1172 mittatur.
911 1127 1028 1180 (Vid.
1049 1126 1213 1170 Ordin.
1237 1126 1294 1169 de
1316 1139 1407 1169 rer.
1433 1130 1575 1181 temp.
1597 1124 1720 1167 adm.
1745 1133 1796 1166 n0
1813 1122 1911 1181 45.)

274 1254 289 1277 α
331 1235 441 1278 Haec
479 1238 588 1277 sunt
622 1246 724 1290 quae
766 1245 848 1289 pro
887 1230 1027 1275 officii
1066 1230 1157 1273 mei
1199 1242 1397 1272 munere
1433 1226 1780 1285 praescribenda
1810 1239 1912 1269 esse

212 1313 335 1356 «luxi.
361 1312 411 1355 Id
436 1325 586 1355 unum
617 1324 728 1368 rogo
760 1314 896 1367 atque
931 1308 1139 1352 obtestor
1166 1320 1329 1350 omnes
1360 1305 1710 1349 Provinciarum
1733 1317 1785 1347 ac
1805 1303 1913 1346 Mis-

212 1391 398 1433 sionum
427 1388 724 1445 Praepositos,
756 1392 807 1430 ut
839 1385 1000 1429 fideles
1030 1398 1131 1428 sese
1165 1384 1566 1427 administratores
1594 1387 1640 1425 et
1672 1381 1912 1438 adjutores

213 1467 464 1510 exhibeant
489 1466 537 1508 in
559 1479 609 1508 re
636 1464 749 1508 tanti
781 1463 1023 1517 momenti,
1058 1475 1198 1518 super
1226 1474 1316 1518 qua
1344 1465 1389 1503 et
1415 1473 1518 1503 mea
1546 1463 1591 1501 et
1623 1471 1784 1501 eorum
1808 1471 1914 1500 con-

214 1545 405 1589 scientia
424 1543 691 1602 gravissime
711 1546 946 1585 oneratur.
964 1567 1018 1570 —
1035 1539 1198 1583 Romae
1221 1538 1295 1582 (lie
1312 1539 1370 1583 25
1389 1537 1652 1581 decembris
1669 1536 1800 1580 1895.
1827 1550 1848 1577 ))
