2145 3366
117 2138 151 2164 62

125 2832 160 2858 (13

198 245 248 284 70
909 254 1020 281 rans
1052 252 1192 280 rniMA

197 434 311 469 Leon.
336 433 436 478 XII.)
460 432 495 466 2⁰
517 432 648 475 Quoad
674 430 931 465 validitatem,
957 428 1137 473 negative
1159 428 1312 470 adhuc;
1337 430 1374 462 ct
1401 428 1560 472 quidem
1582 432 1695 470 certo,
1717 428 1749 463 si
1771 428 1904 473 agitur

197 494 242 528 de
263 492 514 527 contessariiS
533 501 552 526 a
576 491 767 526 Societate
790 488 996 523 facultates
1020 487 1304 532 recipientibus
1327 498 1333 521 :
1359 487 1440 521 haec
1460 487 1564 522 enim
1587 487 1903 532 jurisdictionem

196 553 236 587 in
258 552 431 587 Novitios
454 561 529 585 non
552 551 618 585 dat
646 549 723 584 nisi
751 548 940 592 Magistro
968 549 1004 580 et
1026 545 1279 581 confessariis
1302 545 1524 590 specialiter
1544 546 1763 592 designatis
1782 558 1789 589 ;
1811 555 1904 593 pro-

197 611 368 647 babilius
395 611 548 646 saltem.
573 609 605 643 si
633 608 763 653 agitur
785 607 831 641 de
853 605 1105 640 contessariis
1127 605 1288 639 aliunde
1317 605 1557 640 habentibus
1582 606 1905 650 approbationem

196 674 232 706 et
251 670 564 716 jurisdictionem
590 680 597 702 2
629 667 781 703 seclusa
811 666 915 700 euim
938 665 1009 699 hac
1035 664 1082 699 de
1103 674 1144 698 re
1165 664 1384 708 quaestione
1415 665 1604 709 generali,
1628 664 1757 710 quoad
1779 664 1906 699 Socie-

196 733 316 765 tatem
338 730 377 764 in
397 729 523 774 specle
545 737 654 763 mens
685 726 841 761 videtur
863 725 900 759 S.
929 723 1040 759 Sedis
1063 726 1105 758 ut
1125 723 1193 758 alii
1216 733 1335 768 quam
1367 723 1562 769 designati
1584 734 1606 758 a
1628 723 1906 769 Superioribus

197 789 369 825 invalide
390 788 553 823 audiant
575 786 818 821 Novitiorum
837 783 1116 824 consessiones,
1141 783 1190 817 ob
1209 792 1252 817 ea
1274 792 1373 827 quae
1394 782 1508 825 ibid..
1524 794 1589 828 pp.
1608 783 1672 825 80,
1689 782 1752 825 81,
1776 793 1816 818 n.
1840 783 1902 820 74.

197 848 381 894 expendit
397 858 443 882 ex
461 847 619 882 Urbano
637 845 721 880 VIII
738 843 924 878 laudatus
939 845 1088 877 auctor.
1109 842 1206 876 Hinc
1226 842 1498 877 emendandus
1520 841 1678 885 Suarez,
1698 845 1748 877 De
1764 841 1903 888 Retio„

196 911 247 943 tr.
271 907 371 944 vlu.
396 907 422 941 l.
449 907 496 948 ΙΙ,
515 916 546 940 6.
566 916 662 947 xvn,
683 914 721 939 n.
749 903 795 937 12
821 914 827 937 :
856 905 895 937 at
911 901 1066 947 placent
1088 911 1176 946 quae
1196 901 1394 936 habentur
1414 900 1529 944 ibid..
1554 911 1593 936 n.
1619 901 1680 936 15.

250 967 444 1002 Hactenus
466 966 513 1000 de
531 964 705 1010 quolibet
727 961 1077 997 indiscriminatim
1100 960 1258 996 mortali
1282 971 1289 995 τ
1312 960 1359 996 (16
1377 960 1590 996 reservatis
1618 970 1710 996 vcro
1730 961 1779 995 ci.
1804 960 1908 995 infra

198 1026 264 1062 ubi
286 1026 332 1061 de
352 1025 508 1061 casibus
528 1022 754 1059 reservatis.

251 1085 349 1120 Dum
380 1085 454 1119 iter
484 1083 635 1119 faciunt
661 1081 803 1117 Novitii
836 1080 1021 1116 videntur
1052 1079 1330 1115 considerandi
1364 1082 1405 1115 ut
1426 1079 1494 1115 alii
1523 1090 1569 1115 ex
1599 1079 1751 1115 Nostris
1781 1079 1910 1125 quoad

198 1144 496 1180 contessionem.
530 1143 582 1188 (P.
615 1141 786 1183 villana,
821 1143 871 1176 De
902 1140 1059 1187 confess.
1092 1142 1233 1182 nostr„
1268 1149 1309 1174 n.
1344 1138 1426 1185 77.)
1458 1138 1514 1174 CI.
1549 1139 1671 1185 igitur
1697 1139 1815 1181 infra,
1842 1139 1910 1174 ubi

199 1204 245 1240 de
263 1203 514 1238 confessariis
538 1201 701 1237 nostris.
1208 1229 1218 1247 ,

252 1262 323 1306 Qui
352 1273 441 1297 vero
465 1264 673 1297 versantur
694 1262 735 1296 in
763 1261 890 1306 prima
913 1259 1146 1305 probatione
1170 1270 1186 1291 «
1211 1258 1398 1294 videntur
1419 1259 1578 1304 quidem
1597 1268 1713 1304 posse
1736 1257 1912 1293 conside-

200 1323 279 1358 rari
302 1322 341 1356 in
357 1321 504 1356 odiosis
524 1323 564 1355 ut
582 1320 806 1361 saeculares,
829 1320 883 1354 ita
899 1322 941 1354 ut
957 1318 1110 1364 possint
1126 1317 1303 1353 confiteri
1320 1318 1480 1353 cuilibet
1501 1317 1662 1353 habenti
1684 1318 1911 1353 facultatem

200 1382 248 1417 ab
270 1381 456 1426 Episcopo
478 1380 550 1415 loci
575 1390 585 1415 .·
610 1380 677 1415 sed
698 1380 815 1415 etiam
839 1380 1005 1424 possunt
1026 1388 1074 1413 ex
1098 1377 1246 1412 nostris
1277 1377 1547 1423 privilegiis...
1572 1377 1725 1412 absolvi
1747 1387 1769 1411 a
1790 1377 1911 1422 depu-

200 1441 294 1476 tatis
316 1450 383 1485 per
405 1443 560 1474 nostros
584 1439 829 1484 Superiores,
854 1438 971 1474 etiam
987 1448 1009 1472 a
1031 1437 1244 1472 reservatis
1266 1437 1348 1472 sive
1368 1439 1459 1472 ante
1480 1437 1562 1472 sive
1580 1439 1667 1482 post
1688 1436 1911 1481 ingressum

201 1499 463 1546 perpetratis3
489 1502 548 1533 ast
584 1498 661 1533 nisi
690 1509 780 1533 mox
814 1497 967 1543 ingredi
989 1499 1027 1532 et
1053 1499 1140 1542 post
1162 1496 1427 1541 experientIas
1461 1499 1551 1532 vota
1580 1495 1759 1531 emittere
1779 1495 1907 1541 parati

202 1560 296 1601 sint,
322 1559 361 1593 in
384 1558 575 1604 pristinas
597 1558 821 1593 reincidunt
844 1566 1047 1592 censuras.
1077 1569 1091 1589 »
1118 1555 1250 1601 (Ibid.
1276 1566 1315 1590 n.
1342 1555 1423 1601 79.)
1446 1555 1526 1590 Imo
1547 1555 1715 1590 fortasse
1736 1555 1803 1600 qui
1826 1554 1913 1590 ficte

202 1619 457 1654 candidatum
487 1617 568 1663 agit
599 1627 648 1652 ne
669 1617 799 1652 valide
826 1617 985 1662 quidem
1015 1616 1064 1651 ab
1085 1615 1166 1651 illis
1197 1615 1483 1651 absolveretur.
1509 1614 1580 1661 (Cf.
1609 1614 1784 1657 Suarez.‚
1810 1615 1835 1650 l.
1862 1615 1908 1657 11,

203 1688 236 1713 c.
257 1677 302 1720 V,
327 1687 366 1712 n.
394 1676 455 1719 15,
484 1676 563 1722 16.)
588 1677 726 1712 Utrum
748 1676 892 1712 Novitii
914 1676 1121 1712 incurrant
1142 1674 1429 1710 reservationes
1450 1677 1622 1717 nostras,
1645 1674 1694 1709 cI.
1720 1674 1824 1709 intra
1846 1674 1912 1709 ubi

204 1737 251 1773 (16
276 1736 434 1772 casibus
457 1736 681 1772 reservatis.

255 1811 272 1838 ⁶2
293 1814 334 1849 Id
356 1823 425 1859 pro
446 1813 610 1849 Novitiis
631 1814 778 1849 nostris
806 1814 999 1849 concessit
1022 1812 1204 1849 Urbanus
1225 1812 1326 1855 VIII,
1350 1814 1396 1848 In
1417 1812 1485 1848 hoc
1506 1810 1764 1848 auctoritatis
1778 1822 1791 1854 ,·
1813 1814 1850 1846 61
1872 1811 1912 1846 in

203 1883 344 1919 genere
364 1882 433 1918 pro
451 1872 615 1908 Novitiis
631 1873 880 1918 regularibus
901 1875 1147 1908 concesserat
1164 1872 1343 1908 Clemens
1364 1871 1465 1914 VIII,
1497 1873 1589 1908 Cum
1611 1871 1663 1907 ad
1690 1869 1913 1917 requirirent

205 1932 350 1978 (1603).
391 1931 440 1966 At
479 1932 665 1978 restringi
706 1933 755 1968 ad
789 1933 893 1968 solos
927 1932 1100 1968 Novitios
1133 1934 1170 1967 et
1204 1932 1259 1966 ita
1292 1931 1594 1977 intelligendum
1628 1930 1913 1975 Compendium

205 1990 503 2035 Privilegiorum
523 1991 576 2036 (n.
605 1991 709 2036 125),
731 1995 840 2027 notat
861 1992 901 2027 P.
925 1991 1094 2027 Villada.
1121 1991 1161 2037 (l.
1187 2002 1220 2034 c,
1246 2001 1282 2036 p.
1309 1990 1391 2036 85.)

267 2121 348 2164 ΙΙΙ.
380 2121 583 2164 Possunt
609 2119 782 2164 Novitii
815 2120 1076 2177 dispensari
1112 2119 1159 2162 in
1196 2117 1637 2176 irregularitatibus,
1677 2117 1733 2160 ad
1770 2117 1914 2160 susci-

208 2198 402 2255 piendos
434 2198 772 2241 exercendosve
801 2197 1000 2240 Ordines
1034 2202 1078 2240 et
1104 2196 1309 2254 gerenda
1337 2194 1506 2251 officia,
1543 2207 1725 2238 necnon
1758 2193 1913 2236 redin-

209 2275 377 2331 tegrari
422 2280 580 2318 contra
618 2288 805 2331 poenas,
848 2274 1159 2331 privationes,
1198 2272 1515 2316 inhabilitates
1551 2272 1681 2328 juxta
1720 2284 1773 2313 ea
1811 2284 1914 2328 quae

209 2351 441 2395 habentur
464 2357 507 2395 et
534 2351 830 2395 declarantur
857 2351 904 2393 in
933 2350 1094 2407 Comp.
1120 2350 1240 2393 Priv.
1271 2349 1359 2393 ‘tot
1386 2354 1430 2392 et
1458 2362 1585 2405 seqq.
1617 2362 1624 2390 ;
1656 2352 1701 2390 at
1723 2347 1914 2404 dispen-

211 2429 323 2472 satio
364 2442 444 2485 pro
482 2428 733 2471 homicidio
774 2428 1048 2484 voluntario,
1091 2427 1401 2481 mutilatione,
1438 2425 1654 2483 bigamia,
1693 2424 1913 2468 Generali

211 2510 496 2561 reservatur,
541 2519 622 2562 pro
663 2506 830 2549 ceteris
867 2505 1143 2548 provinciali
1182 2510 1226 2548 et
1262 2503 1432 2561 quibus
1464 2503 1562 2559 ipse
1601 2501 1906 2557 commiserit,

213 2588 257 2625 ct
282 2583 489 2640 insuper,
525 2583 668 2625 semel
702 2582 749 2625 in
776 2596 898 2626 anno
929 2582 1033 2639 (pro
1062 2582 1162 2625 foro
1197 2579 1530 2637 conscientiae),
1563 2578 1677 2622 feria
1710 2579 1915 2622 secunda

215 2665 315 2716 post
336 2659 618 2703 dominicam
648 2660 848 2716 primam
876 2659 1269 2715 Quadragesimzc,
1297 2655 1629 2714 Superioribus
1660 2660 1706 2698 et
1735 2655 1915 2699 confes-

214 2737 347 2779 sariis
376 2736 637 2779 ordinariis.
668 2735 755 2794 (ij.
782 2736 960 2793 Comp.,
994 2737 1021 2779 l.
1053 2735 1140 2790 c.)¹

275 2821 349 2864 IV.
382 2822 487 2865 Non
512 2827 733 2865 tenentur
753 2822 923 2866 Novitii
955 2822 1103 2865 nostri
1129 2821 1316 2864 decreto
1341 2820 1486 2875 Trid„
1516 2834 1554 2862 6.
1581 2832 1673 2873 xvi,
1700 2832 1812 2862 sess.
1838 2819 1911 2875 25,

216 2899 281 2941 11)oe
308 2899 633 2955 Rvgsttlari‘lms,
670 2912 755 2942 1166
784 2899 970 2942 decreto
999 2899 1065 2942 Pii
1100 2898 1160 2941 IX
1187 2897 1228 2954 (1
1262 2911 1364 2955 aug.
1390 2896 1542 2953 1862),
1573 2896 1639 2939 Dc
1666 2897 1913 2939 'renuntia-

219 2976 463 3030 timiditas&
495 2976 573 3019 sed
606 2976 726 3019 licite
756 2981 799 3019 et
826 2976 973 3020 valide
1005 2975 1275 3019 renuntIant
1305 2974 1441 3017 bonis
1473 2973 1570 3016 suis
1602 2978 1645 3017 ct
1674 2972 1914 3031 resignant

2094 2510 2145 2546 volti]

2095 2570 2145 2605 tlt<
