2145 3366
107 1361 140 1387 83

201 249 251 286 88
876 259 988 287 PARS
1021 260 1228 288 snct'xsm

198 437 309 473 Ratio
336 441 466 473 autem
494 438 575 473 dati
593 441 630 474 et
650 438 811 483 expensi
833 438 882 473 ab
901 437 1113 473 itinerante
1140 438 1388 474 Procuratori
1419 439 1625 483 tradatur;
1651 440 1756 485 quod
1774 440 1903 476 denuo

197 497 417 533 inculcabat
438 497 479 532 P.
503 497 743 543 Anderledy.
767 497 849 532 Non
878 500 1009 532 tamen
1040 496 1162 532 nimio
1193 497 1322 543 rigore
1351 498 1543 544 exigenda
1574 498 1722 545 (1857).
1756 499 1903 535 Itinera

196 567 283 591 cum
302 557 474 592 alumnis
495 556 763 602 collegiorum,
788 556 1008 601 praesertim
1036 556 1155 591 unius
1177 566 1266 591 cum
1288 567 1381 600 uno,
1406 557 1611 602 prohibuit
1632 558 1678 594 P.
1704 559 1834 594 Beckx
1854 569 1903 594 ne

195 615 346 651 Nostris
377 616 658 661 permittantur
683 628 697 648 «
730 615 809 651 nisi
837 615 1051 650 admodum
1084 615 1261 660 gravide
1288 626 1421 660 causa,
1454 627 1660 663 nunquam
1690 628 1783 654 vero
1813 628 1902 654 cum

196 675 352 710 licentia
380 678 526 711 vestem
558 676 786 710 Sa³cularem
818 674 1023 709 induendi.
1059 674 1216 718 Quoties
1244 686 1335 711 vero
1365 676 1622 713 Provincialis
1652 677 1733 713 haec
1759 677 1902 714 itinera

195 734 432 780 permiserit,
454 734 712 780 Pra‘positum
734 734 964 769 Generalem
984 734 1211 769 admonebit
1237 747 1252 767 »
1277 734 1321 780 (i.
1343 735 1365 771 5
1388 735 1485 771 febr.
1513 735 1644 782 1860).

248 802 264 827 ⁶
285 805 332 841 Ut
354 805 394 840 in
416 805 620 840 domorum
652 805 909 840 aedificatione
928 814 949 839 a
974 804 1159 849 religiosa
1191 805 1445 850 simplicitate
1466 816 1544 842 non
1565 807 1786 850 recedatur,
1810 807 1904 843 huic

195 865 351 910 negotio
384 864 659 910 praeficieiidus
690 867 793 900 esset
820 864 880 899 vir
911 863 1171 898 traditionum
1207 864 1413 901 Societatis
1448 876 1597 912 gnarus
1627 869 1664 903 et
1698 866 1902 903 studiosus

196 924 234 971 (f.
260 923 308 959 25
330 934 420 970 aug.
446 924 575 960 1842).
601 925 644 959 In
671 923 908 969 supellectili
939 922 1232 966 cubiculorum,
1265 924 1366 960 aulae
1395 926 1664 969 recreationis,
1693 926 1903 962 locutorio-

198 994 301 1025 rum,
332 984 542 1026 refectorii,
574 993 756 1029 magnam
788 982 1082 1027 simplicitatem
1115 992 1270 1028 semper
1297 984 1495 1021 affectavit
1530 985 1716 1028 Societas,
1738 995 1809 1021 nec
1828 986 1903 1021 ele-

200 1043 357 1087 gantize,
376 1043 452 1078 nisi
468 1043 508 1078 in
527 1043 708 1078 Ecclesiis
724 1045 761 1078 et
778 1042 950 1085 Museeis,
976 1042 1103 1077 ullum
1123 1042 1254 1078 locum
1274 1043 1396 1080 dedit.
1417 1045 1505 1080 Haec
1532 1046 1668 1091 regula
1698 1045 1904 1081 retinenda

200 1105 278 1145 est,
330 1105 366 1137 et
404 1103 444 1137 in
482 1102 558 1138 NN.
596 1102 788 1138 cubiculis
838 1101 930 1137 solae
974 1101 1172 1146 imagines
1219 1112 1449 1149 papyraceae
1494 1104 1768 1150 permittendae
1811 1107 1904 1140 sunt

196 1162 237 1209 (f.
266 1162 313 1197 28
336 1165 450 1197 mart.
478 1162 608 1207 1835).
631 1162 704 1197 Ubi
726 1171 816 1197 vero
837 1161 886 1196 ab
907 1160 1070 1206 antiquo
1101 1171 1208 1196 more
1238 1172 1437 1199 recessum
1456 1167 1530 1208 est,
1557 1164 1607 1200 ad
1629 1174 1718 1199 eum
1736 1164 1903 1200 redeun-

197 1221 289 1256 dum
308 1224 364 1256 est
384 1221 425 1268 (f.
452 1221 499 1255 27
519 1232 609 1267 aug.
634 1220 765 1266 1835).

254 1349 301 1393 20
334 1349 604 1393 Excluditur
650 1351 804 1394 omnis
846 1352 1157 1408 compensatio
1198 1366 1282 1410 pro
1324 1351 1597 1396 ministeriis
1631 1352 1702 1395 vel
1740 1352 1900 1409 quovis

197 1426 388 1470 osticio¹.
424 1426 528 1478 (Jul.
568 1427 648 1483 HI,
682 1428 908 1485 Exposcit
943 1429 1164 1473 delutum.
1190 1455 1248 1461 —
1280 1429 1384 1485 Ex.,
1415 1443 1447 1485 I,
1473 1429 1525 1486 33
1555 1456 1613 1461 -—
1641 1443 1705 1485 IV,
1739 1429 1812 1474 27.
1843 1456 1900 1461 -

197 1504 310 1559 Cst„
341 1504 415 1560 lV,
446 1517 528 1559 vu,
559 1504 607 1559 33
647 1530 699 1536 —
729 1506 805 1561 IV,
831 1519 905 1561 xv,
936 1506 984 1561 43
1016 1533 1073 1537 —
1102 1506 1178 1562 IV,
1204 1520 1316 1563 XVII,
1341 1508 1401 1563 F,
1426 1534 1483 1538 —
1508 1507 1586 1564 VI,
1618 1520 1667 1564 Π,
1690 1507 1732 1563 7,
1757 1507 1817 1563 G,
1842 1533 1900 1539 —

194 1581 294 1635 VH,
320 1594 381 1636 lv,
404 1581 446 1638 4,
465 1582 521 1637 Β,
546 1609 603 1612 -
623 1583 679 1638 Χ,
704 1583 768 1636 5.)
789 1583 872 1627 Vel
895 1584 1034 1628 etiam
1060 1584 1355 1643 eleemosyna
1376 1585 1425 1628 in
1448 1585 1894 1642 compensationem.

195 1658 301 1702 Non
324 1664 393 1701 est
419 1659 783 1704 determinatum
805 1675 864 1704 an
888 1661 930 1703 vi
951 1662 1045 1705 voti
1067 1667 1145 1706 aut
1165 1661 1561 1706 Constitutionum
1589 1663 1635 1706 id
1658 1663 1897 1720 praecipia-

193 1740 268 1779 tur
284 1736 318 1791 ‘²3
344 1736 424 1779 sed
451 1736 539 1793 ipsi
561 1737 779 1781 Generali
802 1738 1080 1795 prohibetur
1106 1739 1391 1797 dispensare.
1418 1740 1483 1793 (C.
1509 1740 1583 1796 G„
1607 1740 1662 1795 V,
1685 1740 1777 1792 29.)
1799 1739 1897 1785 Nec

193 1813 474 1871 ‹ilispensatio
502 1814 651 1858 valida
683 1829 783 1859 esse
809 1821 973 1873 potest.
1000 1816 1065 1869 (C.
1092 1817 1166 1873 G.,
1191 1817 1295 1874 XII,
1319 1817 1412 1872 39.)

244 1924 256 1950 1
287 1926 339 1961 Ne
372 1927 530 1972 quidem
562 1938 632 1973 pro
663 1929 921 1973 grammatica
951 1932 1020 1965 aut
1061 1930 1226 1965 lectione
1258 1940 1506 1976 quacumque
1545 1930 1596 1977 (α.
1640 1930 1768 1977 1581).
1815 1931 1895 1966 Imo

190 1986 371 2032 quamvis
392 1986 433 2021 in
454 1986 755 2024 fundationibus
786 1989 933 2024 dotatio
965 1999 1043 2024 non
1074 1989 1291 2034 accipiatur
1323 1990 1480 2036 proprie
1510 1990 1552 2025 in
1582 1989 1792 2035 stipendio,
1827 1990 1894 2026 sed

190 2046 320 2091 potius
347 2046 463 2081 titulo
481 2046 657 2082 honestae
678 2048 994 2091 sustentationis,
1025 2049 1285 2085 nihilominus
1312 2049 1514 2095 prohibuit
1542 2049 1583 2085 C.
1612 2049 1675 2088 G..
1704 2049 1732 2092 Ι,
1760 2049 1796 2086 d.
1827 2050 1891 2093 74,

189 2115 237 2140 ne
258 2104 417 2151 Collegii
439 2106 560 2141 ullius
582 2106 731 2142 dotatio
751 2107 988 2143 admittatur
1009 2118 1097 2144 cum
1116 2119 1232 2144 onere
1251 2109 1372 2145 dandi
1399 2109 1711 2144 concionatorem
1732 2112 1800 2145 aut
1818 2109 1893 2145 lec-

188 2168 312 2200 torem
334 2165 551 2210 theologiae,
575 2186 625 2190 —
646 2166 765 2211 idque
789 2166 1126 2203 Constitutionum
1147 2169 1301 2214 corpori
1324 2169 1446 2204 inseri
1466 2168 1591 2204 voluit
1612 2168 1670 2212 C.,
1695 2169 1758 2212 IV,
1781 2169 1818 2212 7,
1843 2168 1890 2212 3;

188 2224 291 2269 quod
316 2226 446 2259 tamen
466 2235 545 2259 non
567 2225 732 2270 impedit
746 2227 843 2271 quin
858 2227 1094 2262 admittatur
1116 2228 1363 2264 Universitas
1382 2238 1470 2264 cum
1489 2238 1606 2264 onere
1624 2228 1892 2274 praeleetiones

187 2283 303 2318 etiam
323 2284 525 2329 theologiae
546 2284 716 2320 habendi
737 2282 840 2333 (lbid
853 2283 915 2334 E.)
933 2298 940 2321 :
965 2289 1023 2322 est
1044 2287 1148 2322 enim
1167 2287 1447 2334 consequentia
1467 2288 1747 2333 acceptationis
1765 2287 1892 2333 ipsius

189 2343 481 2378 l⁷niversitatis.

240 2402 305 2437 Est
331 2402 452 2447 igitur
473 2403 685 2439 discrimen
706 2405 808 2440 inter
838 2405 1058 2441 ministeria
1091 2406 1248 2452 proprie
1270 2416 1381 2442 sacra
1413 2406 1471 2441 uti
1498 2409 1557 2442 est
1587 2406 1748 2442 traditio
1769 2416 1891 2442 sacrae

187 2461 372 2496 doctrinm
394 2459 460 2509 (cf.
485 2463 557 2498 DD.
581 2463 621 2498 in
642 2464 668 2499 l.
690 2464 734 2506 V,
759 2464 926 2507 Decret.‚
942 2467 970 2500 t.
985 2462 1054 2514 V);
1076 2468 1113 2500 et
1134 2465 1355 2501 ministeria
1376 2475 1462 2510 quae
1483 2476 1531 2501 ex
1545 2468 1688 2501 natura
1710 2475 1781 2501 sua
1801 2475 1889 2511 pro-

186 2521 276 2555 fana
289 2524 395 2556 sunt.
411 2521 543 2564 Quoad
556 2523 686 2567 priora
707 2523 938 2568 prohibetur
950 2524 1122 2560 conditio
1143 2525 1184 2560 in
1205 2525 1437 2560 fundatione
1448 2525 1628 2570 apposita
1649 2535 1726 2570 qua
1745 2525 1890 2561 directe

185 2580 424 2624 suscipiatur
444 2581 632 2627 obligatio
653 2580 708 2620 (a.
734 2582 850 2625 1644,
875 2586 912 2618 et
933 2583 1033 2629 Epit.
1059 2584 1099 2619 P.
1125 2595 1165 2626 11,
1191 2594 1230 2619 n.
1255 2581 1322 2633 ⁶27)
1349 2596 1355 2618 :
1377 2587 1415 2620 et
1436 2584 1507 2619 hoc
1528 2587 1572 2620 ut
1601 2584 1758 2630 magis«
1784 2585 1889 2620 absit

186 2639 355 2674 Societas
387 2640 435 2675 ab
465 2641 571 2676 omni
608 2642 735 2686 specie
768 2643 1100 2678 remunerationis
1131 2643 1173 2678 in
1203 2643 1252 2679 iis
1281 2653 1368 2689 quae
1397 2643 1548 2689 aliquid
1582 2643 1683 2678 sacri
1714 2644 1888 2679 redolere

185 2698 412 2733 viderentur
438 2712 452 2732 »
478 2700 529 2738 (a.
560 2700 687 2745 1585),
716 2713 731 2734 «
754 2711 823 2746 pro
835 2702 980 2746 quibus
996 2705 1143 2738 nostrae
1161 2702 1417 2748 professionis
1438 2703 1640 2748 proprium
1660 2703 1709 2737 sit
1731 2703 1887 2738 nullum

186 2758 396 2801 temporale
418 2759 620 2803 przemium
643 2761 831 2805 accipere.
861 2774 875 2793 »
906 2758 1039 2810 (Epit.,
1055 2762 1081 2797 l.
1106 2760 1159 2810 c.)
1178 2762 1279 2797 Bene
1299 2771 1390 2797 vero
1411 2762 1534 2807 accipi
1552 2764 1679 2807 potest
1699 2762 1887 2807 obligatio

183 2826 226 2851 (3.1-
254 2818 508 2863 tfrqutwnti,
545 2821 587 2853 ut
617 2819 655 2853 in
687 2830 778 2854 casu
807 2823 975 2865 accepta}
1006 2821 1285 2856 Universitatis
1319 2819 1376 2870 (a.
1419 2820 1535 2864 «1596,
1577 2818 1710 2869 1598).
1752 2821 1885 2865 Quoad

182 2876 395 2919 posteriora
424 2880 552 2912 autem
585 2878 638 2912 nil
671 2879 834 2923 impedit
862 2880 958 2925 quin
990 2890 1034 2915 ea
1063 2880 1101 2915 in
1130 2880 1376 2916 fundationis
1408 2879 1557 2924 limine,
1587 2892 1601 2913 «
1627 2880 1885 2916 conventione

182 2935 313 2978 aliqua
335 2936 625 2980 promittamus.
656 2951 670 2970 »
696 2935 831 2984 (ibid.)

233 2995 362 3036 Quoad
387 2995 516 3039 priora
540 2999 682 3039 tamen,
712 3010 726 3030 «
753 3001 879 3043 potest
901 3002 937 3034 et
960 2999 1127 3035 subinde
1149 3000 1246 3036 solet
1278 2999 1480 3036 Generalis
1510 3000 1700 3036 mandare
1729 2999 1882 3036 Nostris
