2145 3366
10 996 42 1023 115¹ss

0 1054 41 1083 'ona

540 235 803 264 l‘At‘thtzTAs
837 234 1169 262 tit-:LthosotzFM
1202 233 1293 260 NON
1328 232 1636 260 Ft‘imtxront'n
1866 223 1943 259 ‘1023

236 417 533 463 dispositionem
553 418 689 450 contra
712 414 966 459 superiorum
989 413 1230 448 voluntatem
1258 412 1415 449 tactam.
1442 415 1528 446 utut
1556 412 1748 450 illicitam.
1773 413 1944 447 validam

236 487 335 514 esse.
366 487 453 512 cum
484 474 748 510 Scholastiffls
782 474 830 509 de
858 483 899 509 re
933 483 1002 508 sua
1038 472 1222 517 disponat
1256 474 1292 506 et
1322 471 1483 505 aliunde
1515 471 1614 505 nihil
1645 471 1690 506 sit
1726 473 1829 515 quod
1859 482 1943 507 eam

236 537 360 572 irritet
396 536 435 570 in
465 535 552 580 jure
588 533 793 568 societatis
827 533 930 568 clare
964 541 1219 577 expressum:
1257 540 1342 565 eam
1377 533 1507 565 tamen
1541 540 1654 573 posse
1687 542 1707 565 a
1740 532 1946 575 Superiore

236 595 420 635 rescindi,
458 595 506 629 ob
543 592 763 628 dominium
798 592 1020 637 Superioris
1057 590 1096 625 in
1134 590 1378 625 voluntatem
1412 589 1627 628 inferioris.
1659 589 1683 624 i.
1714 599 1746 625 e.
1784 600 1829 624 ex
1858 594 1946 625 voto

235 654 479 690 obedientiw.
514 654 593 687 Imo
624 652 729 695 Lugo
757 654 793 686 et
816 651 987 686 Sauchez
1018 653 1163 695 negant.
1194 650 1293 684 lianc
1326 649 1453 694 ipsam
1486 649 1666 683 irritandi
1699 652 1942 694 potestatem.

235 714 307 759 (Ci.
339 716 389 750 De
427 715 666 759 Paupertate.
697 713 735 747 S.
777 712 810 747 J.
844 711 1061 753 (liravegna
1098 719 1137 745 n.
1173 709 1255 754 97.)
1288 708 1491 744 Yaliditati
1521 710 1680 743 actuum
1721 708 1944 753 hujusmodi

236 774 339 809 favet
360 773 399 808 P.
424 772 573 807 Mutius
599 782 606 806 :
635 783 650 803 «
677 770 863 814 Quamvis
895 772 1052 814 peccent
1082 768 1211 804 Nostri
1240 771 1375 803 contra
1400 770 1535 803 votum
1557 767 1612 802 sic
1640 768 1822 802 donando
1850 769 1946 803 bona

236 843 320 869 sua.
346 831 505 867 donatio
527 834 657 866 tamen
680 832 739 864 est
769 829 900 864 valida
923 829 1097 864 externis
1127 828 1181 863 sic
1204 829 1304 863 tacta
1329 839 1337 862 ε
1362 827 1455 873 quia
1482 827 1558 873 ipsi
1590 829 1682 862 sunt
1712 827 1839 861 adluu·
1866 828 1947 862 veri

235 902 368 928 eorum
393 890 541 927 domini
569 902 584 923 »
612 886 669 932 (ἀ.
699 888 812 926 1618,
844 888 956 926 1620,
984 888 1099 927 1628,
1128 885 1259 936 1639).
1285 887 1381 922 Nota
1406 887 1569 932 insuper
1595 896 1683 921 cum
1713 887 1752 921 P.
1786 886 1948 922 Claudio

234 949 290 999 (a.
319 948 449 998 1595).
475 950 611 985 eadem
633 948 799 984 ratione.
821 948 901 982 haw-
927 949 1025 983 bona
1047 957 1161 993 posse
1187 947 1352 982 alienari
1373 947 1522 992 absque
1543 946 1850 981 formalitatibus
1879 956 1948 991 pro

234 1010 470 1046 alienatione
491 1009 683 1044 bonorum
706 1007 1062 1043 ecclesiasticorum
1082 1006 1339 1052 praescriptis.
1365 1006 1459 1041 Inde
1486 1016 1640 1051 quoque
1662 1005 1840 1051 sequitur
1859 1016 1947 1041 eum

234 1070 301 1116 qui
323 1080 405 1106 rem
427 1069 483 1105 sic
503 1069 691 1105 donatam
722 1067 863 1113 accipit
884 1077 969 1102 eam
993 1067 1161 1102 retinere
1193 1076 1306 1112 posse
1328 1066 1449 1102 donec
1466 1075 1488 1101 a
1511 1065 1719 1111 Superiore
1746 1068 1948 1101 revocetur

234 1129 407 1166 donatio.

287 1190 426 1225 Censet
453 1189 572 1225 etiam
595 1187 738 1224 Suarez
766 1196 880 1233 posse
903 1187 1052 1231 absque
1083 1189 1239 1232 peccato
1264 1186 1348 1221 fieri
1379 1187 1673 1228 testamentum,
1700 1185 1732 1221 si
1753 1185 1947 1221 voluntati

234 1249 456 1296 Superioris
478 1248 714 1294 subjiciatur
735 1247 819 1292 ejus
842 1246 1032 1282 executio.
1058 1246 1160 1281 Illud
1184 1249 1315 1281 tamen
1337 1245 1476 1282 deinde
1498 1248 1631 1281 secuta
1652 1245 1948 1281 renunciatione

234 1309 517 1345 infirmabitur.

286 1369 341 1404 Ex
363 1379 406 1404 eo
427 1378 518 1403 vero
546 1368 651 1413 quod
673 1370 761 1402 voto
783 1366 1040 1412 prohibeatur
1067 1366 1263 1401 abdicatio
1292 1366 1392 1401 lacta
1417 1367 1566 1411 absque
1588 1365 1810 1411 Superioris
1834 1365 1948 1401 venia

233 1431 269 1464 et
307 1428 473 1474 quilibet
507 1437 604 1463 usus
637 1426 938 1472 proprietarius,
970 1425 1179 1461 Suarezius
1209 1425 1409 1461 concludit
1440 1425 1624 1461 similiter
1645 1427 1781 1460 contra
1812 1427 1947 1460 votum

233 1498 392 1534 peccare
410 1497 499 1522 eum
521 1487 589 1532 qui
605 1497 676 1522 sua
699 1486 801 1521 bona
822 1486 1067 1532 impenderet
1082 1485 1121 1521 in
1138 1495 1235 1521 usus
1256 1485 1449 1521 voluntati
1471 1485 1692 1531 Superioris
1710 1485 1943 1521 contrarios.

231 1546 291 1596 (L.
317 1547 380 1591 IV,
403 1557 488 1592 cap.
511 1557 565 1589 v1‚
586 1557 625 1582 n.
653 1544 710 1595 4.)

286 1607 411 1653 Igitur
433 1609 519 1652 post
541 1609 630 1641 vota
654 1606 864 1651 simplicia,
890 1606 975 1651 ipsa
1001 1605 1231 1641 distributio
1253 1609 1289 1640 et
1317 1605 1513 1641 abdicatio
1534 1605 1639 1641 cadit
1661 1605 1734 1640 sub
1756 1607 1867 1648 voto:
1892 1604 1947 1640 ita

234 1667 358 1712 utqui
379 1666 520 1713 absque
540 1665 730 1713 facultate
746 1666 963 1708 abdicaret,
982 1675 1073 1701 reus
1088 1668 1191 1700 esset
1213 1665 1353 1700 saltem
1373 1665 1434 1711 (ex
1450 1665 1564 1700 modo
1579 1664 1710 1710 dictis)
1732 1664 1943 1710 sacrilegii.

234 1727 285 1762 De
315 1736 391 1772 quo
422 1726 471 1761 ct.
509 1725 652 1761 Suarez
687 1725 728 1771 (l.
764 1726 827 1768 IV,
857 1735 891 1761 c.
922 1736 975 1768 γι,
1000 1735 1038 1761 n.
1066 1725 1087 1760 3
1119 1728 1156 1760 et
1189 1725 1266 1771 10),
1305 1725 1372 1770 qui
1402 1725 1600 1760 decretum
1623 1724 1946 1771 Congregationis

233 1786 419 1832 intelligit
440 1789 524 1821 tum
544 1786 591 1821 de
611 1786 776 1831 protana
798 1788 882 1821 tum
907 1785 954 1821 de
975 1785 1039 1831 pia
1060 1785 1355 1821 distributione.

292 1938 340 1981 20
383 1936 494 1980 Haec
540 1936 772 1980 abdicatio
810 1936 950 1980 debet
994 1950 1096 1979 esse
1136 1936 1347 1980 absoluta
1387 1937 1597 1991 omnino,
1634 1936 1695 1980 ita
1730 1941 1781 1980 ut
1819 1937 1945 1981 nulla

234 2019 497 2072 apponatur
523 2013 726 2057 conditio
752 2028 807 2057 ex
831 2027 921 2071 qua
949 2028 1054 2071 spes
1082 2019 1351 2058 remaneret
1370 2014 1426 2058 ad
1454 2028 1538 2058 sua
1565 2014 1688 2057 bona
1715 2014 1945 2058 redeundi

234 2092 356 2149 (Ex.,
393 2105 455 2148 lv,
484 2091 528 2135 sl.
561 2117 619 2122 —-
642 2090 689 2135 C.
721 2091 797 2146 G„
822 2091 924 2147 VII,
957 2091 1031 2148 217,
1062 2091 1105 2135 4.
1135 2118 1192 2122 -
1220 2092 1319 2147 XX,
1351 2092 1393 2147 7,
1424 2092 1466 2136 4.
1500 2118 1557 2122 -
1584 2091 1682 2148 On,
1717 2105 1748 2148 I,
1781 2092 1855 2136 ΙΙΟ.
1888 2119 1944 2123 -

233 2170 282 2213 (1.
309 2170 384 2226 G.,
408 2169 466 2225 X,
490 2170 575 2225 2.),
607 2182 695 2212 nec
721 2168 830 2213 licet
847 2174 1025 2226 partem
1059 2170 1165 2213 usui
1192 2170 1268 2227 pio
1294 2183 1532 2213 reservare
1566 2170 1645 2227 qui
1672 2183 1754 2226 pro
1792 2169 1943 2213 lubitu

234 2260 421 2304 semper
441 2247 498 2291 ab
521 2260 575 2290 eo
608 2246 881 2305 designetur
911 2261 936 2290 a
959 2261 1049 2304 quo
1082 2246 1132 2291 fit
1164 2247 1391 2291 abdicatio
1415 2247 1483 2303 (C.
1510 2248 1584 2303 G„
1608 2247 1780 2303 XXIII,
1803 2247 1881 2305 31)
1901 2248 1911 2269 ¹
1932 2262 1941 2300 3

232 2323 591 2380 ——nniversalis,
605 2324 922 2381 complectens
939 2324 1203 2368 dominium
1219 2324 1473 2380 bonorum,
1486 2325 1755 2382 pensiones,
1774 2338 1944 2368 census

233 2401 531 2460 personales,
572 2401 747 2458 reales,
789 2402 1032 2456 vitalitios,
1080 2403 1253 2460 jusque
1293 2416 1433 2446 omne
1463 2403 1521 2445 ad
1550 2403 1673 2446 bona
1713 2402 1808 2445 sive
1839 2415 1944 2459 quae

233 2479 469 2523 habentur
493 2479 589 2523 sive
612 2493 718 2536 qua}
746 2485 1009 2536 sperantur.
1040 2479 1174 2538 (Cst.,
1203 2480 1286 2536 ΙΙΙ,
1312 2493 1342 2536 Ι,
1364 2480 1398 2523 F
1407 2480 1437 2538 .)
1455 2480 1468 2501 ‘²
1496 2479 1541 2523 si
1573 2493 1679 2522 vero
1706 2480 1946 2537 judicetur

234 2571 327 2600 non
350 2556 568 2614 expedire
588 2561 642 2600 ut
661 2557 765 2615 quis
789 2571 837 2600 se
853 2557 1163 2614 pensionibus
1180 2558 1508 2601 ecclesiasticis
1532 2563 1575 2601 et
1596 2557 1816 2601 censibus
1837 2571 1944 2601 vere

233 2633 562 2692 personalibus
597 2634 797 2689 abdicet,
838 2634 987 2678 Patris
1020 2635 1179 2679 Nostri
1207 2635 1400 2693 judicio,
1434 2636 1481 2678 in
1512 2635 1612 2692 pios
1643 2649 1757 2678 usus
1788 2635 1944 2678 distri—

233 2712 456 2756 buantur.
490 2711 558 2769 (C.
591 2712 666 2767 G„
696 2711 799 2768 VH,
832 2712 906 2767 217,
941 2712 1007 2768 4.)
1041 2712 1108 2764 (ΣΙ.
1144 2726 1284 2771 supra
1315 2713 1371 2756 de
1405 2713 1687 2771 pensionum
1718 2712 1944 2756 adminis-

234 2789 447 2833 tratione.

287 2911 300 2938 ¹¹
336 2914 585 2959 Reprobatur
624 2915 828 2960 stipulatio
860 2916 899 2950 in
934 2916 1227 2951 renuntiatione
1260 2916 1407 2950 inserta
1440 2918 1480 2951 ut
1514 2915 1553 2950 in
1585 2916 1647 2951 die
1680 2916 1946 2962 primitiarum

236 2973 541 3010 sacerdotalium
565 2977 669 3010 certa
694 2984 848 3011 summa
878 2975 1047 3022 Collegio
1079 2975 1270 3018 solvatur,
1296 2975 1344 3011 ad
1367 2975 1614 3011 vestiendum
1643 2979 1889 3023 neomystam
1910 2979 1947 3012 et

2001 1959 2052 1987 102
