2145 3366
245 290 323 327 5332
611 300 751 327 ixnssx
784 300 936 328 RERUM
967 300 1114 327 JUXTA
1145 300 1349 328 oamxssiu
1380 302 1591 330 MATERIAE

1826 418 1946 452 Pagina).

456 459 491 492 6.
523 459 617 502 Erga
640 458 834 493 defunctos
840 483 1820 497 ..........................................
1876 463 1947 498 292

457 515 651 549 Scholion.
674 536 720 539 »-
743 515 796 549 De
814 515 899 559 jure
920 515 1117 549 funerandi
1127 542 1820 554 ..............................
1876 519 1946 554 294

246 581 332 615 ΟΑΡ.
359 581 420 615 ΙΙΙ.
449 601 496 604 —-
520 581 574 614 De
597 580 800 615 domestico
819 580 951 615 ordine
975 592 983 614 :

456 637 491 670 ‘l.
520 636 741 671 Communia
763 637 939 671 exercitia
956 663 1821 675 .....................................
1875 641 1944 676 297

453 693 487 726 2.
517 693 714 727 Silentium
737 719 1820 731 ..............................................
1875 697 1946 733 298
1997 685 2003 693 ⁴

454 750 488 783 3.
518 749 813 784 Communicatio
836 761 920 783 eum
939 750 1102 784 externis
1122 777 1819 788 ..............................
1874 753 1945 789 299

455 807 489 840 4.
519 806 744 840 Litterarum
769 807 1036 841 commercium
1047 833 1819 844 ................................
1874 810 1946 845 300

243 870 329 905 ΟΑΡ.
355 871 416 905 JV.
448 891 490 895 —
518 871 570 905 De
591 871 803 906 valetudine
825 871 964 906 tuenda
985 876 1020 906 et
1040 872 1243 917 reparanda
1242 899 1818 910 .........................
1874 875 1944 911 303

933 1035 1056 1070 PARS
1099 1036 1251 1070 SEXTA

518 1128 576 1159 De
602 1127 750 1159 mediis
775 1128 925 1168 quibus
945 1128 1106 1160 malum
1130 1132 1353 1161 coercetur
1376 1130 1418 1161 in
1441 1129 1666 1162 societate.

239 1239 326 1274 CAP.
386 1241 414 1275 Ι.
442 1262 488 1265 -
514 1241 565 1275 De
587 1241 735 1275 casibus
762 1242 959 1276 reservatis
970 1268 1814 1279 ....................................
1871 1244 1942 1280 309

238 1306 325 1341 ΟΑΡ.
367 1307 410 1341 ΙΙ.
439 1328 485 1331 κ
510 1307 563 1341 De
585 1307 753 1341 censuris
781 1311 816 1341 et
836 1308 1032 1353 praeceptis
1042 1334 1814 1345 ................................
1871 1310 1942 1345 320

238 1370 325 1406 ΟΑΡ.
351 1372 413 1406 ΙΙΙ.
441 1392 487 1396 —
514 1372 566 1406 De
587 1372 804 1407 dimissione
826 1383 844 1406 e
864 1372 1044 1407 Societatc
1066 1377 1099 1406 et
1122 1373 1281 1407 transitu
1306 1401 1813 1410 ......................
1871 1375 1939 1410 327
1987 1371 1989 1392 ³
2011 1394 2013 1397 .

906 1528 1029 1563 PARS
1066 1529 1272 1563 SEPTIMA

770 1621 835 1652 De
874 1621 1183 1653 ministeriis
1223 1622 1407 1654 sacris.

234 1734 321 1770 CAp.
382 1735 410 1769 I.
439 1756 484 1759 —
510 1735 562 1768 De
583 1734 708 1769 Verbo
729 1735 795 1769 Dei
805 1760 1810 1772 ...........................................
1866 1737 1932 1773 341
1986 1721 2010 1736 ''

449 1791 642 1826 Scholion.
665 1812 710 1815 ——
735 1792 789 1825 De
806 1791 890 1836 jure
911 1791 1158 1826 concionandi
1180 1818 1808 1829 ...........................
1864 1794 1935 1829 344
1995 1797 2009 1819 “

233 1856 320 1891 cip.
363 1857 408 1891 11.
436 1878 482 1881 —
508 1857 560 1891 De
580 1856 825 1891 Missionihus
849 1883 1810 1894 .........................................
1864 1859 1932 1894 347
1992 1851 2007 1901 j

445 1915 627 1950 Scholion
664 1917 695 1950 I.
719 1937 765 1940 —
784 1917 836 1950 De
859 1916 1102 1951 Missionibus
1123 1917 1384 1951 transmarinis
1394 1943 1807 1954 ..................
1863 1919 1934 1954 350
2000 1930 2006 1948 -·

445 1973 622 2007 Scholion
641 1973 693 2007 II.
716 1994 761 1997 ——
781 1974 979 2007 Instructio
1001 1974 1044 2007 A.
1065 1974 1110 2008 R.
1134 1974 1175 2008 P.
1200 1974 1335 2008 Martin
1357 1974 1402 2008 de
1423 1974 1532 2009 bonis
1550 1975 1806 2010 Missionum..
1861 1976 1932 2010 352

231 2039 317 2073 CAP.
343 2039 404 2073 ΙΙΙ.
433 2059 479 2063 ——
506 2039 557 2073 De
579 2039 817 2073 Sacramento
836 2038 1066 2073 Psenitentiae
1082 2065 1804 2075 ..............................
1859 2040 1931 2076 359
2002 2033 2008 2043 ‘

443 2094 634 2130 Scholion.
657 2116 703 2119 —-
726 2095 777 2130 De
799 2095 1067 2141 approbatione
1090 2100 1123 2129 et
1140 2096 1403 2139 jurisdictione
1413 2123 1803 2133 .................
1859 2098 1930 2133 362
1984 2100 1985 2103 ’

231 2161 317 2195 CAP.
344 2161 405 2195 IV.
433 2182 479 2185 —
504 2162 557 2195 Do
578 2161 824 2205 Eucharistia,
848 2162 1020 2195 Extrema
1041 2161 1236 2205 [sm-tione,
1260 2162 1413 2206 Officiis,
1437 2162 1622 2208 Reliquiis
1632 2189 1805 2198 ........
1861 2163 1931 2198 365

230 2226 318 2261 CAP.
362 2226 404 2260 V.
433 2247 480 2250 —
506 2227 557 2260 De
579 2226 846 2261 sodalitatibus
868 2252 1805 2263 ........................................
1861 2228 1931 2263 370

441 2282 635 2317 Scholion.
658 2304 704 2307 —
724 2283 776 2317 De
797 2283 993 2317 Exercitiis
1018 2283 1280 2328 spiritualibus
1302 2283 1460 2329 aliisque
1482 2284 1732 2319 ministeriis..
1750 2313 1756 2319 .
1773 2311 1780 2318 .
1797 2311 1804 2318 .
1860 2284 1929 2320 373
1982 2277 1998 2296 ³
2018 2298 2019 2306 ¹

906 2429 1029 2464 PARS
1066 2430 1257 2464 OCTAVA

740 2522 805 2552 De
843 2521 1137 2553 ministerio
1176 2507 1410 2554 docendi.

880 2633 1013 2660 srumA
1040 2635 1267 2660 NosTRORUM

223 2729 308 2763 CAP.
370 2729 397 2763 Ι.
426 2749 472 2752 κ-
498 2728 550 2761 De
572 2726 783 2761 studiorum
806 2726 936 2760 ordine
955 2753 1798 2764 ...................................
1853 2729 1924 2765 375

435 2784 630 2818 Scholion.
654 2804 699 2807 —
721 2783 967 2824 Quandonam
989 2784 1034 2817 ad
1058 2783 1217 2817 ordines
1238 2784 1417 2818 eveliendi
1440 2784 1564 2820 Nostri
1577 2811 1798 2820 ..........
1854 2785 1924 2820 380
1962 2815 1963 2818 ,

219 2851 304 2885 ΟΑΡ.
351 2850 396 2884 II.
424 2871 469 2874 —
495 2850 547 2883 De
577 2848 908 2883 exercitationibus
930 2849 1246 2883 Scholasticorum
1270 2853 1484 2884 nostrorum
1503 2876 1796 2885 .............
1851 2850 1922 2886 382
1959 2896 1962 2901 ¹

217 2916 303 2951 CAP.
328 2916 389 2950 III.
418 2936 464 2939 —
490 2915 542 2949 De
564 2914 800 2948 examinibus
820 2914 1137 2949 Scholastieorum
1159 2919 1371 2949 nostrorum
1396 2927 1402 2949 :

428 2972 505 3005 Art.
528 2971 562 3005 ’1.
586 2992 631 2995 -
651 2971 702 3005 De
725 2971 962 3005 examinibus
982 2971 1194 3006 studiorum
1217 2971 1379 3006 decursu
1401 2997 1789 3007 .................
1845 2971 1915 3007 386

427 3028 504 3062 Art.
527 3028 562 3062 2.
585 3049 630 3052 -
650 3028 702 3062 Do
724 3028 893 3062 examine
918 3027 962 3062 ad
986 3028 1145 3071 gradum
1156 3054 1785 3064 ...........................
1841 3028 1907 3064 391

1995 827 1999 834 ,
2016 795 2019 830 ἓ
2081 795 2123 829 Cir.

2025 850 2027 876 ³
2081 860 2122 895 filiu

1995 956 2002 969 ,
2023 959 2026 966 ,
2081 926 2121 960 Cir,

1991 978 2009 1017 ἕ
2080 992 2119 1027 Gir.
2142 985 2145 1019 l

2080 1343 2122 1377 (ΑΡ.

2080 1408 2122 1444 Cir.

2079 1589 2119 1623 Cir.
2136 1587 2145 1619 l

2078 1768 2119 1803 uxi.
2128 1768 2145 1803 l']

2077 2009 2120 2044 Cir.
2135 2020 2141 2045 i

2071 2778 2127 2818 liiii

2070 2843 2126 2885 lxiii
