2145 3366
0 465 56 501 *violis

2 581 55 620 111111]

0 2060 63 2098 inerat}

5 2203 65 2238 Recto·

2 2268 65 2298 munus

2 2322 26 2371 ὅ).
36 2317 66 2355 ubi

6 2443 66 2479 Recto-

0 2637 66 2680 nswald.

750 231 1025 258 studentum-:s
1060 230 1254 258 1.‹‘›‹:.x[.t‹1s
1780 221 1856 257 225)

201 407 211 433 1
251 410 472 454 Optandum
506 413 561 444 est
599 413 634 443 ut
675 409 713 444 in
750 409 1037 444 constituendis
1072 409 1302 444 Rectoribus
1335 408 1570 454 aptitudinis
1605 409 1854 454 potiusquam

147 469 435 504 nationalitatis
466 469 564 503 ratio
595 469 801 511 habeatur,
832 469 966 503 vitatis
998 472 1128 504 tamen
1156 468 1287 503 causis
1309 468 1559 513 querelarum
1579 465 1632 508 (b.
1657 468 1694 514 ·}·,
1726 469 1852 517 1594).

150 540 165 561 1(
193 525 432 563 postulatum
459 528 531 563 tuit
553 538 574 561 a
602 527 721 571 Cong.
748 537 858 572 prov.
887 528 1023 564 Tolet..
1055 527 1166 565 1:590,
1193 531 1233 563 ut
1257 528 1322 573 qui
1346 537 1444 562 rarae
1479 527 1639 562 virtutis
1669 530 1704 562 et
1731 529 1856 563 excel-

146 587 263 622 lentis
291 587 436 632 ingenii
469 587 665 632 specimen
693 587 926 632 przrberent.
959 588 1008 622 ab
1035 597 1152 622 onere
1178 587 1426 633 gubernandi
1456 586 1720 622 liberarentur
1747 589 1790 622 ut
1817 598 1857 621 se

146 649 247 682 totas
268 646 490 682 litterarum
521 646 791 682 exercitationi
816 646 1029 682 traderent.
1055 646 1099 682 Et
1126 646 1271 692 placuit
1297 647 1336 682 P.
1361 646 1404 682 N.
1433 659 1447 679 ›>
1481 643 1532 695 (a.
1557 646 1607 681 ad
1636 657 1671 681 v.
1705 648 1852 689 Hector,

147 702 166 755 ξ
185 706 222 748 3,
244 716 282 741 n.
312 704 390 754 15.)

208 828 287 871 111.
313 854 369 858 -
403 829 572 872 Eorum
607 828 726 885 jura.
758 854 815 858 —
853 828 1025 872 Eorum
1066 833 1269 885 potestas
1306 829 1459 885 ampla
1493 842 1593 872 esse
1629 829 1769 873 debet
1802 830 1854 873 ad
1915 833 1967 860 20

147 905 323 949 boumn
344 912 370 948 ¹.
408 904 541 962 (Est,
575 905 632 961 11,
662 918 692 960 1,
717 906 769 951 2:
801 932 858 936 -—
890 906 964 957 lv,
996 920 1038 960 x,
1063 905 1115 953 sl:
1146 933 1203 937 —
1229 907 1350 962 ΠΗ,
1380 920 1411 962 Ι,
1441 906 1494 958 ὃς
1525 933 1583 937 -
1610 907 1688 961 IX,
1715 920 1778 963 vl,
1802 909 1854 956 2:

147 1009 204 1014 —
223 983 280 1033 X,
300 982 366 1039 8.)
390 982 503 1025 Eam
531 982 866 1026 determinabit
888 983 1174 1040 l'rwpositus
1197 983 1456 1039 Generalis,
1481 998 1679 1042 eamque
1708 998 1859 1028 seere-

148 1061 204 1103 tis
232 1060 398 1103 litteris
426 1060 704 1103 contrahere
733 1061 903 1117 poterit
931 1074 1072 1118 quam
1101 1061 1368 1118 patentilms
1396 1061 1592 1106 dederit.
1629 1062 1764 1120 (Cst.‚
1797 1062 1854 1117 11,

146 1150 177 1192 Ι,
207 1138 249 1192 2,
281 1136 355 1194 B.)
389 1136 636 1180 ‹inultum-ie
672 1137 963 1181 desumenda
998 1139 1087 1181 erit
1119 1152 1143 1181 a
1178 1138 1352 1196 regulis
1384 1139 1596 1182 Rectoris
1625 1144 1704 1183 aut
1732 1140 1857 1183 Prte-

145 1215 281 1272 positi
307 1221 350 1258 et
372 1230 395 1258 11
418 1214 706 1272 Compendio
736 1215 1106 1272 privilegiorum.
1132 1216 1207 1273 (R.
1236 1216 1386 1273 Praep.
1410 1216 1484 1273 13,
1510 1217 1642 1260 Reet.
1664 1217 1737 1272 1⁸2,
1761 1217 1858 1274 17.)

144 1292 426 1336 Extenditur
458 1293 503 1335 in
542 1306 705 1336 omnes
743 1294 821 1351 qui
860 1293 1075 1336 eamdem
1111 1293 1304 1337 domum
1334 1294 1561 1349 imfolunt,
1593 1295 1681 1337 nisi
1718 1308 1857 1352 quem

144 1370 447 1413 Provineiulis
477 1370 690 1413 consulto
716 1370 935 1414 Generali
959 1372 1186 1415 exemerit
1212 1372 1288 1429 (R.
1314 1372 1447 1416 Prov.
1469 1372 1568 1429 311);
1600 1372 1724 1429 quod
1754 1386 1857 1415 raro

145 1448 246 1491 tieri
282 1447 437 1491 debet.
469 1448 601 1503 (Cst.,
632 1448 755 1503 VIII,
790 1462 819 1504 Ι,
851 1447 927 1505 Ε.)
964 1448 1243 1492 Extenditur
1277 1449 1418 1492 etiam
1454 1450 1499 1492 in
1536 1450 1745 1507 hospites
1778 1450 1854 1508 (R.

148 1525 277 1569 Com.
300 1525 424 1583 48)·2;
455 1526 502 1568 in
532 1540 611 1569 eos
640 1527 719 1583 qni
749 1526 805 1569 ad
827 1526 1003 1570 vicinas
1029 1527 1276 1570 Missiones
1303 1528 1537 1583 pertinent
1563 1528 1632 1585 (tt.
1657 1528 1731 1583 G„
1756 1529 1854 1582 Vll,

143 1603 216 1658 21,
240 1603 309 1661 2);
335 1604 446 1647 item
468 1604 515 1646 in
539 1617 618 1647 eos
640 1604 717 1660 qui
740 1609 1094 1648 commorantur
1115 1611 1243 1648 extra
1266 1605 1446 1661 domos,
1472 1605 1518 1648 in
1542 1619 1623 1649 suat
1643 1606 1854 1649 vicinia-¹³.

143 1680 278 1740 (Cst.,
303 1681 402 1737 ΥΠ,
430 1694 498 1736 111,
525 1681 590 1737 Α,
615 1708 672 1712 -
699 1681 822 1738 VIII,
848 1695 879 1738 1,
903 1681 947 1725 4.
978 1708 1036 1713 —
1064 1681 1113 1725 C.
1140 1681 1214 1738 G..
1239 1682 1319 1739 XI,
1344 1682 1440 1740 32.)

196 1794 209 1821 1
238 1798 367 1833 Potest
395 1808 487 1843 erga
517 1807 558 1833 se
589 1797 775 1843 Superior
802 1798 943 1834 iisdem
972 1798 1029 1833 uti
1058 1799 1315 1834 facultatibus
1343 1809 1461 1844 quam
1492 1801 1619 1845 potest
1649 1800 1858 1835 concedere

144 1857 315 1894 subditis
329 1854 385 1897 (a.
416 1854 545 1906 1591).

196 1933 308 1971 21ter
329 1936 516 1971 iacientes
543 1936 694 1981 absque
715 1936 936 1982 Superioris
964 1937 1100 1972 localis
1121 1937 1405 1983 approbatione
1431 1938 1701 1984 eleemosynas
1729 1941 1858 1983 petere

144 2006 222 2031 non
245 1995 387 2030 debent
412 1991 561 2044 (1576).
593 1995 726 2039 Quoad
759 1996 989 2041 Superiores
1021 1997 1062 2031 in
1089 1997 1218 2032 aliena
1246 1997 1361 2032 domo
1390 1998 1589 2043 degentes,
1614 1998 1855 2033 declaratum

143 2056 236 2091 olim
271 2055 399 2090 iuerat
430 2065 510 2097 eos,
547 2056 676 2100 quoad
711 2055 979 2101 disciplinam,
1014 2056 1214 2102 Superiori
1244 2054 1362 2106 hujus
1393 2058 1533 2093 domus
1565 2058 1781 2103 subjacere,
1814 2068 1857 2092 ac

142 2115 307 2161 proinde
333 2114 382 2150 ab
405 2115 475 2150 hoc
496 2114 594 2160 ipsis
616 2115 825 2160 petendam
848 2125 935 2150 esse
956 2115 1157 2151 licentiam
1183 2117 1367 2156 exeundi.
1392 2120 1482 2159 010,
1503 2117 1580 2152 11151
1609 2118 1724 2152 detur
1743 2127 1857 2163 gene-

141 2175 252 2216 ralis,
283 2177 438 2209 servata
469 2177 614 2210 tamen.
651 2175 780 2219 quoad
811 2177 967 2217 ceetera,
1002 2178 1039 2211 et
1067 2176 1108 2210 in
1136 2176 1264 2221 specie
1291 2177 1420 2222 quoad
1448 2177 1752 2219 absolutionem.
1787 2187 1858 2212 sua

139 2234 413 2279 jurisdictione
446 2234 486 2269 in
519 2244 612 2269 suos
648 2234 830 2269 subditos
863 2245 961 2279 quos
994 2245 1127 2270 secum
1162 2236 1308 2271 habent
1338 2234 1394 2277 (a.
1430 2236 1544 2279 1584,
1574 2236 1687 2279 1600,
1723 2236 1854 2285 1657).

140 2294 349 2329 Recentius
371 2303 606 2339 responsum
624 2297 681 2329 est
709 2306 716 2328 2
744 2307 757 2325 «
784 2294 933 2340 Regula
954 2294 1002 2329 48
1022 2295 1300 2331 Communium
1322 2306 1400 2331 non
1415 2299 1474 2331 est
1489 2296 1724 2342 generaliter
1743 2297 1857 2332 intel-

140 2353 298 2399 ligenda
313 2354 360 2389 de
375 2353 653 2398 Superioribus
678 2354 884 2388 domorum
907 2354 1151 2395 alienarum;
1175 2358 1350 2390 attamen
1366 2356 1513 2391 dantur
1527 2365 1642 2391 casus
1657 2356 1697 2391 in
1713 2357 1858 2401 quibus

142 2413 352 2459 prudentia
370 2417 405 2448 et
422 2413 596 2448 charitas
620 2413 788 2448 suadent
807 2413 1008 2459 Superiori
1031 2414 1170 2450 domus
1192 2418 1235 2450 ut
1253 2415 1417 2451 consilia
1436 2416 1528 2451 dent
1546 2418 1582 2450 et
1604 2415 1857 2451 directionem

142 2473 420 2518 Superioribus
442 2473 582 2508 alienis
602 2473 707 2518 apud
730 2472 859 2518 ipsum
888 2473 1154 2509 versantibus.
1184 2487 1199 2507 »
1233 2474 1274 2521 (f.
1302 2475 1342 2510 P.
1371 2475 1587 2517 Roothaan.
1610 2476 1659 2511 ad
1680 2475 1720 2510 P.
1745 2475 1858 2511 Drui-

143 2533 238 2575 lbet,
262 2532 309 2567 27
331 2542 422 2568 nov.
454 2529 586 2581 1835.)

196 2608 212 2632 ²³
244 2609 430 2656 Superior
463 2610 679 2645 castrensis
713 2610 859 2655 degens
889 2610 1086 2647 Bruxellis
1117 2612 1158 2647 in
1189 2612 1342 2658 hyeme,
1367 2612 1519 2648 Rectori
1551 2613 1679 2658 quoad
1710 2614 1856 2656 omnia,

143 2670 310 2711 litteras,
344 2670 599 2705 facultates...
635 2669 882 2705 subdebatur
913 2670 968 2718 (a.
996 2668 1127 2720 1641).
1159 2672 1231 2715 Qui
1262 2675 1355 2707 sunt
1382 2672 1422 2707 in
1451 2672 1639 2717 obsequio
1668 2673 1860 2719 principis

143 2729 313 2764 subsunt
347 2729 548 2774 Superiori
578 2729 651 2764 loci
681 2729 721 2764 in
749 2739 826 2774 quo
848 2730 1010 2776 degunt,
1041 2731 1223 2776 quamvis
1245 2732 1294 2767 ad
1324 2732 1442 2767 aliam
1474 2731 1719 2767 Provinciam
1740 2733 1859 2777 perti-

143 2791 262 2824 neant
286 2786 441 2836 (1626.)

201 2847 239 2882 Si
267 2847 356 2892 quis
385 2858 456 2883 suo
484 2847 721 2883 Provinciali
753 2848 945 2885 rationem
976 2850 1104 2886 reddit
1135 2850 1381 2897 negotiorum
1412 2861 1498 2896 quae
1519 2851 1561 2886 in
1588 2851 1718 2887 aliena
1747 2852 1861 2888 domo

144 2907 344 2953 transigit,
369 2917 413 2943 ea
435 2907 638 2954 Superiori
658 2908 778 2953 hujus
807 2908 947 2944 domus
969 2910 1260 2946 communicare
1280 2920 1357 2945 non
1380 2913 1537 2946 tenetur
1555 2908 1607 2959 (b.
1623 2910 1688 2958 ††,
1712 2910 1831 2961 1584)
1851 2924 1858 2955 ;

145 2976 273 3011 neque
303 2969 489 3003 tenentur
520 2967 546 3002 ii
575 2968 641 3014 qui
671 2967 719 3004 ad
752 2971 968 3005 conventus
1006 2970 1185 3015 publicos
1217 2970 1430 3006 mittuntur
1460 2980 1482 3005 a
1512 2970 1625 3006 locali
1655 2971 1862 3017 Superiore
