2145 3366
4 2994 62 3039 theo·

551 258 761 287 EXAMINA
791 257 1193 287 SCHOLASTICORUM
1226 257 1500 285 NOSTRORUM
1803 245 1873 283 2391

176 436 309 493 logiae
337 434 627 479 scholastica}
650 434 859 490 student,
885 434 956 477 his
986 434 1103 477 intra
1132 433 1397 487 biennium,
1428 447 1511 490 per
1539 433 1876 491 quadrantem,

177 513 256 569 qui
285 513 325 555 ei
350 526 443 555 non
473 512 663 556 student
690 526 772 569 per
799 511 1120 555 semi-horam.

237 589 434 647 Utrique
469 595 719 646 antequam
760 589 816 632 ad
853 589 1167 632 sacerdotium
1208 593 1587 645 promoveantur,
1624 602 1708 645 per
1744 588 1881 631 semi-

175 667 339 710 horam
367 667 665 710 examinandi
689 672 802 710 sunt
823 665 880 709 de
908 666 1102 709 scientia
1129 666 1392 709 necessaria
1414 666 1469 708 ad
1492 665 1746 709 audiendas
1774 680 1881 708 con-

175 744 419 799 sessiones,
451 758 606 787 coram
639 749 840 801 quatuor
871 744 992 786 bene
1023 743 1201 800 peritis,
1235 756 1435 800 quorum
1469 743 1753 786 conscientia
1776 756 1881 799 gra-

175 822 292 864 viter
319 826 557 876 oneratur,
592 822 766 879 quique
800 820 1018 878 suffragia
1046 821 1217 877 scripto
1249 821 1371 864 ferre
1399 819 1615 864 debent¹.
1650 820 1756 863 Tria
1787 820 1881 863 sus-

175 898 319 955 fragia
341 903 449 941 sunt
469 899 746 941 necessaria.
766 898 895 941 Idem
916 912 1111 941 examen
1135 898 1294 941 subire
1313 897 1485 941 debent
1506 911 1670 941 omnes
1689 897 1880 941 admissi

175 976 221 1019 in
250 975 476 1020 Societate
504 980 609 1032 post
636 981 878 1032 acceptum
908 975 1239 1030 sacerdotium,
1265 975 1469 1032 exceptis
1499 975 1556 1018 iis
1585 976 1664 1032 qui
1691 975 1748 1019 ab
1775 989 1880 1018 exa-

175 1053 302 1096 mine
329 1053 385 1096 ad
403 1053 600 1108 gradum
625 1053 911 1096 eximuntur.
937 1052 1009 1096 Ab
1031 1066 1084 1095 eo
1108 1066 1215 1095 vero
1239 1053 1317 1110 qui
1346 1066 1400 1096 ex
1422 1052 1664 1096 Generalis
1693 1053 1880 1110 dispen-

176 1130 351 1174 satione
386 1130 564 1187 alisque
600 1129 679 1173 illo
709 1130 921 1173 examine
958 1130 1014 1172 ad
1052 1129 1368 1173 sacerdotium
1403 1130 1696 1186 eveheretur,
1727 1130 1881 1174 studia

175 1213 221 1251 et
241 1221 439 1251 examen
469 1207 692 1264 deinceps
720 1213 830 1250 sunt
853 1207 1093 1265 exigenda.
1118 1206 1187 1261 (C.
1211 1207 1285 1263 G„
1309 1207 1434 1263 XIII,
1458 1206 1540 1262 163
1562 1234 1619 1238 —
1638 1207 1739 1262 XX,
1763 1207 1881 1260 25).”2

227 1327 239 1354 ¹
264 1329 367 1365 Satis
389 1332 448 1364 est
473 1332 512 1364 ut
537 1339 583 1364 ex
606 1329 666 1364 his
689 1333 859 1374 quatuor
885 1328 1223 1364 examinatoribus
1245 1329 1322 1364 duo
1348 1328 1616 1375 interrogent;
1651 1330 1717 1365 sed
1745 1340 1880 1366 omnes

175 1389 409 1434 suffragium
442 1389 543 1424 ferre
573 1389 716 1424 debent
746 1385 784 1436 (f.
810 1389 849 1424 P.
872 1388 937 1431 A.‚
965 1388 1011 1423 13
1040 1388 1116 1423 feb.
1141 1391 1177 1423 et
1205 1388 1227 1423 2
1254 1392 1371 1424 mart.
1399 1386 1528 1437 1830).
1563 1389 1791 1425 Iterandum
1822 1394 1880 1425 est

174 1449 245 1483 hoc
273 1458 438 1483 examen
467 1458 592 1493 usque
614 1448 707 1483 dum
730 1447 919 1487 satisfiat:
953 1447 1168 1492 nullusque
1194 1447 1415 1483 ministerio
1442 1448 1702 1493 applicandus
1723 1453 1781 1484 est
1802 1450 1878 1485 nisi

174 1508 221 1543 de
249 1507 464 1543 sufficienti
487 1508 650 1542 scientia
673 1510 824 1542 constet
848 1504 886 1555 (f.
912 1507 952 1542 P.
977 1507 1041 1549 A.‚
1066 1506 1088 1542 8
1110 1517 1195 1552 apr.
1224 1506 1338 1551 1831,
1363 1507 1412 1542 23
1438 1508 1514 1543 fel).
1544 1505 1672 1557 1832).

225 1576 242 1603 2
268 1579 458 1624 Nuspiam
490 1579 530 1614 in
562 1578 748 1614 Instituto
778 1578 1007 1624 praecipitur
1037 1581 1099 1621 ut,
1133 1589 1202 1624 per
1232 1589 1356 1614 unum
1390 1589 1563 1614 mensem
1593 1582 1684 1615 ante
1716 1590 1877 1615 examen

173 1648 351 1674 annuum
380 1638 704 1683 philosophorum
735 1641 771 1673 et
799 1637 1084 1683 theologorum,
1118 1638 1343 1673 recolantur
1372 1639 1502 1674 theses
1532 1639 1573 1673 in
1603 1639 1675 1674 hoc
1700 1640 1880 1675 examine

173 1697 444 1733 defendendfe.
467 1697 650 1732 Liberum
672 1697 794 1743 igitur
814 1697 888 1732 erit
910 1697 1127 1732 Proiessori
1148 1707 1214 1733 eas
1236 1698 1404 1733 recolere
1424 1701 1492 1733 aut
1506 1708 1628 1733 novas
1643 1699 1880 1743 quaestiones

172 1757 390 1803 explicare;
413 1757 481 1792 sed
503 1757 723 1792 curandum
745 1756 778 1792 ei
797 1759 854 1792 est
876 1759 959 1792 tum
982 1759 1025 1792 ut
1045 1757 1267 1803 praescripti
1288 1760 1480 1793 tractatus
1498 1758 1771 1802 absolvantur,
1795 1762 1878 1795 tum

171 1819 213 1852 ut
237 1816 412 1852 materiae
432 1816 627 1852 examinis
649 1816 691 1852 in
709 1816 867 1852 circulis
892 1818 1121 1862 repetantur
1147 1813 1190 1865 (c.
1214 1817 1327 1853 Prov.
1351 1817 1493 1863 Maryl.
1521 1814 1650 1867 1868).
1675 1817 1731 1854 Cf.
1753 1817 1793 1854 C.
1813 1818 1875 1862 G.‚

172 1876 237 1919 XI,
260 1875 322 1911 24.

712 2064 1022 2104 ARTICULUS
1052 2065 1335 2106 SECUNDUS

642 2198 707 2237 De
745 2199 1004 2237 Eaeamine
1047 2200 1110 2237 ad
1152 2199 1397 2240 Graccum.

232 2364 266 2408 I.
282 2363 498 2422 ——Hujus
521 2364 751 2408 examinis
771 2365 1079 2411 conditiones.
1095 2393 1153 2398 —
1172 2367 1271 2410 Hoc
1289 2381 1484 2411 examen
1503 2381 1587 2426 per
1603 2368 1719 2412 duas
1737 2369 1876 2412 horas

171 2440 267 2496 fit1,
299 2446 530 2499 praesente
564 2440 840 2485 Provinciali
868 2448 949 2487 aut
982 2443 1146 2487 saltem
1178 2444 1379 2489 Rectore
1407 2445 1596 2504 Collegii
1615 2446 1646 2502 ⁶2,
1686 2446 1742 2490 ab
1772 2460 1875 2490 exa—

172 2518 483 2562 minatoribus
519 2532 543 2562 a
581 2519 637 2562 R.
671 2519 720 2562 P.
756 2519 973 2564 Generali
1015 2520 1263 2578 delectis3,
1304 2523 1382 2579 qui
1423 2523 1692 2580 gravitatem
1733 2524 1876 2582 hujus

172 2596 381 2639 muneris
418 2595 538 2639 bene
575 2595 836 2654 intelligant
873 2602 919 2641 et
957 2598 1018 2642 ita
1059 2599 1180 2643 serio
1217 2613 1265 2643 se
1303 2605 1467 2658 gerant
1499 2605 1551 2644 ut
1587 2601 1873 2658 exploratum

170 2673 346 2716 habere
379 2673 561 2730 possint
588 2674 852 2718 examinato
883 2675 1037 2719 inesse
1071 2675 1333 2720 doctrinam
1369 2677 1740 2735 diligentissimis
1768 2692 1877 2736 pro-

171 2750 440 2794 bationibus
478 2750 778 2794 manifestam
816 2757 862 2795 et
899 2752 1037 2810 plane
1079 2754 1324 2808 selectam,
1368 2768 1493 2809 eam,
1536 2755 1734 2810 scilicet,
1775 2769 1878 2813 quae

171 2827 436 2870 necessaria
458 2832 528 2870 est
550 2828 605 2871 ad
634 2827 899 2872 docendum
927 2844 1035 2873 cum
1059 2831 1389 2886 satisfactione,
1417 2836 1462 2874 et
1484 2832 1673 2889 quidem
1697 2833 1740 2875 in
1765 2832 1878 2876 locis

172 2904 254 2947 uhi
286 2910 356 2948 est
387 2905 666 2948 idoneorum
700 2905 965 2949 auditorum
998 2913 1043 2951 et
1069 2907 1407 2965 disputantium
1438 2922 1713 2966 concursus,
1749 2910 1879 2954 theo-

175 2981 296 3039 giam
325 2986 371 3025 et
399 2982 744 3040 philosophiam
779 2983 994 3041 (logicam
1029 2999 1215 3042 nempe,
1246 2986 1484 3043 physicam
1516 2992 1561 3030 et
1593 2988 1880 3046 metaphysi—

1932 2391 1984 2417 4423
