2145 3366
121 739 173 766 563

230 292 308 328 494
970 299 1199 326 Al'PENmX

583 565 631 609 20
658 565 968 622 Indulgentiae
990 579 1019 609 α
1040 565 1224 608 Nostris
1250 564 1582 622 impertienclae.

290 724 465 768 Praeter
485 723 798 781 indulgentias
819 722 1112 780 Apostolicas
1134 727 1179 766 et
1197 721 1241 766 S.
1261 721 1484 780 Birgittae,
1507 721 1564 765 de
1586 722 1757 780 quibus
1781 732 1939 779 supra,

230 807 426 860 possunt
477 801 623 844 nostri
666 800 933 844 sacerdotes
980 799 1241 844 concedere
1293 799 1633 857 indulgentiam
1685 798 1942 856 plenariam

224 881 380 937 primo
410 880 636 922 conversis
659 879 715 921 ab
740 878 913 928 haeresi,
943 891 1129 922 necnon
1162 876 1383 920 fidelibus
1409 878 1459 920 in
1484 878 1680 921 articulo
1702 877 1878 930 mortis,
1905 873 1943 918 si

230 957 351 1000 hanc
379 956 645 999 facultatem
667 955 977 1007 Provincialis¹
999 954 1433 999 communicaverit.
1458 954 1657 1011 (Comp.,
1681 953 1808 1011 353.)

291 1034 489 1090 Insuper
523 1033 915 1091 quotiescumque
946 1032 1145 1090 quilibet
1168 1046 1191 1074 e
1213 1031 1415 1087 Nostris,
1449 1031 1589 1075 etiam
1612 1045 1706 1074 non
1729 1030 1944 1074 sacerdo-

232 1116 316 1167 tes,
342 1111 581 1169 propriam
606 1124 740 1154 suam
769 1108 979 1154 crucifixi
1001 1109 1273 1167 imaginem,
1304 1122 1407 1166 quae
1430 1108 1575 1152 semel
1604 1108 1764 1163 electa,
1788 1107 1877 1150 nisi
1898 1106 1946 1149 in

231 1195 397 1233 eventu
420 1188 702 1242 amissionis,
734 1187 904 1231 mutari
927 1187 1104 1245 nequit,
1130 1186 1186 1229 ad
1211 1199 1562 1244 quemcumque
1586 1183 1945 1228 Cliristifidelem

230 1267 279 1310 in
302 1266 497 1310 articulo
526 1265 691 1308 mortis
722 1265 1033 1308 constitutum
1061 1263 1291 1319 deferunt,
1322 1263 1413 1314 hic,
1442 1263 1480 1306 si
1508 1275 1615 1306 vere
1644 1262 1877 1320 poenitens
1905 1265 1950 1304 et

231 1344 494 1399 confessus,
518 1357 571 1387 ac
599 1356 730 1386 sacra
751 1342 1087 1386 communione
1110 1340 1331 1396 resectus,
1352 1339 1440 1395 vel,
1466 1345 1699 1398 quatenus
1723 1339 1768 1382 id
1790 1338 1943 1382 facere

231 1422 510 1480 nequiverit,
544 1420 684 1464 corde
712 1419 875 1463 saltem
904 1419 1152 1474 contritus,
1187 1432 1360 1462 nomen
1391 1418 1503 1461 Jesu
1532 1431 1628 1472 ore,
1654 1417 1692 1460 si
1719 1416 1941 1474 potuerit,

231 1500 303 1544 sin
327 1499 484 1542 minus
505 1498 645 1542 corde
666 1497 828 1541 devote
850 1496 1147 1552 invocaverit,
1178 1501 1317 1552 atque
1337 1495 1591 1553 imaginem
1620 1494 1746 1537 illam
1768 1493 1946 1537 oscula-

232 1583 307 1621 tus
347 1576 488 1620 fuerit
520 1589 603 1619 seu
642 1575 861 1632 tetigerit,
910 1573 1172 1631 plenariam
1214 1572 1560 1631 indulgentiam
1609 1576 1942 1629 consequetur.

232 1655 433 1712 (Comp.,
465 1653 587 1706 354.)
619 1653 692 1696 Ab
720 1653 806 1696 hac
834 1652 981 1710 gratia
1010 1651 1196 1695 videtur
1222 1650 1405 1694 excludi
1439 1651 1591 1707 imago
1625 1648 1833 1693 crucifixi
1857 1662 1946 1706 qua

233 1733 336 1791 quis
355 1732 402 1775 in
424 1731 652 1775 Societate
676 1734 993 1785 transeunter,
1015 1742 1109 1772 non
1125 1742 1233 1772 vero
1256 1733 1307 1771 ut
1327 1728 1418 1785 ipsi
1441 1726 1678 1771 definitive
1700 1726 1941 1784 applicata,

232 1815 463 1865 uteretur3
490 1813 540 1852 ut
556 1807 607 1852 fit
634 1808 894 1867 generatim
923 1820 1006 1864 pro
1036 1806 1244 1861 novitiis,
1269 1805 1358 1850 hoc
1382 1819 1437 1849 ex
1459 1805 1608 1862 ipsius
1631 1804 1945 1848 concessionis

234 1893 398 1932 tenore
421 1886 685 1930 deducitur.

292 1965 359 2009 De
389 1964 678 2022 indulgentia
711 1964 759 2006 in
795 1962 992 2006 articulo
1028 1962 1192 2006 mortis
1227 1961 1452 2005 lucranda
1488 1959 1749 2004 notandum
1788 1964 1859 2003 est
1895 1959 1943 2001 in

234 2056 420 2102 genere,
452 2055 554 2085 eain
588 2041 765 2098 percipi
787 2041 887 2097 ipso
920 2045 1160 2083 momento
1189 2053 1279 2097 quo
1302 2039 1459 2082 anima
1480 2051 1503 2080 e
1527 2051 1721 2094 corpore
1749 2037 1856 2092 exit,
1888 2036 1942 2088 si,

234 2119 499 2178 adimpletis
520 2124 671 2174 antea,
694 2132 719 2162 a
741 2123 979 2161 momento
1003 2131 1095 2174 quo
1121 2117 1284 2174 incipit
1305 2115 1569 2173 periculum
1591 2115 1770 2170 mortis,
1793 2115 1945 2172 operi-

234 2199 321 2242 bus
349 2197 654 2255 praescriptis,
695 2195 1008 2238 moribundus
1042 2195 1090 2237 in
1120 2195 1220 2252 ipso
1258 2193 1456 2237 transitu
1489 2197 1703 2236 versatur
1739 2193 1787 2235 in
1824 2192 1945 2236 st'atu

234 2275 409 2334 gratiae.
431 2275 487 2318 Et
513 2273 723 2332 quamvis
744 2273 918 2316 habere
940 2272 1088 2329 possit
1114 2286 1168 2314 ex
1189 2271 1327 2315 variis
1347 2270 1495 2314 titulis
1518 2272 1590 2328 jus
1618 2269 1674 2313 ad
1698 2253 1951 2327 indulgenss

236 2354 346 2397 tiam
374 2352 509 2407 hanc,
545 2351 735 2395 unicam
765 2355 944 2394 tantum
976 2350 1185 2393 lucratur
1211 2348 1570 2406 indulgentiam.
1601 2347 1670 2405 (P.
1702 2347 1943 2404 Beringer,

236 2437 267 2475 t.
299 2431 334 2485 I,
360 2444 404 2487 p.
428 2429 550 2482 520.)
581 2428 680 2473 Nec
718 2428 988 2486 requiritur,
1024 2441 1108 2484 per
1138 2440 1203 2477 se,
1234 2432 1286 2470 ut
1322 2426 1382 2469 sit
1413 2426 1460 2468 in
1491 2430 1613 2469 statu
1647 2424 1805 2483 gratiae
1832 2424 1945 2467 dum

237 2522 378 2566 opera
405 2507 493 2550 alia
516 2506 707 2563 peragit,
730 2505 810 2549 sed
841 2510 1021 2548 tantum
1049 2504 1232 2562 quando
1262 2503 1467 2547 animam
1490 2502 1659 2546 reddit.

297 2585 349 2628 Iu
380 2584 551 2641 specie,
582 2575 733 2640 quoad
770 2582 1112 2640 indulgentiam
1141 2594 1244 2638 quze
1272 2595 1356 2638 per
1386 2579 1726 2624 benedictionis
1755 2578 1945 2622 modum

239 2661 561 2706 moribundis1
591 2675 616 2704 a
644 2660 883 2704 sacerdote
905 2659 1073 2703 idoneo
1091 2659 1375 2716 impertitur,
1397 2658 1497 2701 hiec
1520 2671 1615 2701 non
1637 2655 1947 2699 debetiterari

238 2742 284 2783 in
313 2739 479 2783 eodem
507 2738 672 2782 mortis
695 2737 920 2796 periculo,
952 2737 1132 2781 etiamsi
1160 2736 1396 2793 poenitens
1425 2748 1526 2778 eam
1548 2734 1597 2778 in
1619 2739 1740 2778 statu
1768 2733 1947 2791 peccati

240 2816 469 2874 acceperit
491 2821 570 2859 aut
589 2816 638 2859 in
666 2820 911 2873 peccatum
944 2813 1154 2871 relapsus
1184 2813 1263 2868 sit,
1289 2812 1371 2856 sed
1394 2812 1515 2856 sicut
1546 2810 1776 2869 impertiri
1797 2814 1949 2867 potest

286 3000 293 3020 ¹
317 2998 341 3029 Α
361 3001 451 3029 tanta
470 2996 574 3038 gratia
605 3005 675 3027 non
702 2994 934 3027 excluduntur
961 2993 1026 3036 ipsi
1054 2993 1117 3033 rei,
1136 2993 1179 3025 ad
1200 2996 1347 3024 mortem
1375 2991 1540 3031 damnati,
1569 2991 1628 3032 qui
1647 3001 1682 3022 sc
1700 2991 1741 3022 ad
1760 2990 1948 3022 christiano

244 3046 465 3077 moriendum
484 3047 690 3085 praeparanl.
712 3044 761 3084 (P.
783 3043 961 3083 Bcringcr,
981 3046 1004 3073 t.
1025 3042 1050 3081 I,
1072 3051 1105 3082 p.
1124 3040 1212 3082 511.)
