2145 3366
155 1303 206 1331 1⁸0

856 864 1040 920 CAPUT
1089 862 1385 919 SEPTIMUM

620 1071 684 1103 DE
718 1069 858 1103 VOTIS
892 1054 1203 1102 SIMPLICIBUS
1246 1066 1612 1100 PROFESSORUM

323 1291 356 1335 I.
389 1291 598 1334 Primum
628 1294 696 1334 est
718 1289 774 1332 de
803 1301 895 1333 non
922 1287 1175 1332 relaxanda
1200 1290 1488 1344 paupertate,
1516 1299 1607 1342 quo
1635 1284 1836 1328 Professi
1864 1298 1970 1342 pro-

261 1370 453 1413 mittunt
479 1367 595 1411 nihil
627 1381 674 1411 se
702 1371 965 1411 tentaturos
993 1371 1073 1409 aut
1096 1377 1421 1419 consensuros,
1446 1377 1533 1407 nec
1560 1363 1775 1420 privatim
1807 1376 1891 1406 nec
1922 1363 1971 1405 in

260 1446 628 1505 Congregatione
667 1444 876 1503 generali
918 1443 1011 1487 ulla
1050 1443 1229 1486 ratione
1273 1441 1321 1485 id
1358 1440 1581 1496 curando,
1626 1440 1681 1483 ad
1724 1440 1971 1484 mutandas

260 1524 651 1568 Constitutionum
687 1523 743 1566 de
772 1526 1042 1580 paupertate
1076 1520 1471 1578 praescriptiones,
1506 1518 1596 1562 nisi
1630 1517 1968 1576 restringendae

257 1602 543 1645 viderentur.
569 1601 704 1653 Quod
730 1600 1008 1658 intelligitur
1034 1598 1091 1642 de
1119 1597 1422 1642 admittendis
1450 1596 1732 1652 redditibus,
1759 1596 1830 1639 vel
1861 1609 1969 1652 pos-

257 1680 464 1724 sessione
492 1678 600 1735 ulla,
635 1679 729 1723 sive
757 1679 805 1721 in
833 1678 1076 1736 proprium
1110 1690 1262 1733 usum,
1299 1675 1393 1720 sive
1422 1688 1504 1732 pro
1534 1674 1763 1717 Domibus
1794 1673 1974 1730 profes-

257 1758 341 1814 sis,
385 1758 477 1801 sive
515 1771 597 1815 pro
638 1756 849 1801 sacristia
887 1756 957 1799 vel
991 1768 1072 1813 pro
1113 1754 1312 1809 fabrica,
1355 1753 1449 1797 sive
1489 1751 1546 1795 ad
1583 1751 1787 1810 aliquem
1824 1751 1970 1795 alium

256 1836 414 1889 finem,
440 1841 610 1894 praeter
637 1835 682 1878 id
705 1834 830 1893 quod
859 1834 914 1877 ad
937 1833 1139 1891 Collegia
1162 1838 1206 1876 et
1231 1833 1407 1876 Domus
1432 1830 1761 1887 probationum
1787 1829 1969 1874 attinet.

257 1914 388 1972 (Est,
413 1913 490 1970 VI,
514 1927 565 1969 11,
588 1913 632 1969 sl,
657 1912 758 1971 Α.)1

310 2035 323 2061 1
346 2037 414 2072 Hic
435 2040 586 2073 textum
615 2037 692 2072 tere
721 2036 853 2081 ipsum
880 2034 1216 2070 Constitutionum
1247 2032 1475 2068 retulimus,
1504 2031 1560 2066 Ita
1583 2031 1808 2066 declaratur
1832 2040 1853 2064 a
1874 2029 1973 2065 Sua-

258 2098 390 2132 rezio:
422 2097 452 2131 1⁰
479 2096 642 2132 Materia
662 2095 792 2140 hujus
826 2095 904 2130 voti
937 2096 996 2129 est
1027 2094 1090 2138 jus
1123 2091 1332 2128 Societatis
1360 2091 1491 2136 quoad
1524 2092 1658 2125 votum
1692 2090 1968 2135 paupertatis:

258 2157 418 2192 scilicet.
444 2158 557 2192 vovet
574 2155 778 2190 Professus
800 2164 840 2189 se
862 2164 939 2189 non
958 2156 1138 2189 acturum
1160 2155 1228 2187 aut
1249 2160 1539 2186 consensurum
1565 2149 1823 2184 mutationem
1843 2149 1973 2194 quoad

251 2215 317 2261 jus
334 2217 436 2251 circa
456 2226 499 2251 ea
519 2216 564 2251 ad
589 2226 675 2260 qua¹
696 2225 744 2250 ex
765 2213 1123 2250 Constitutionibus
1145 2212 1366 2256 obligamur
1382 2210 1419 2244 vi
1437 2209 1517 2244 voti
1542 2208 1801 2253 paupertatis,
1826 2209 1903 2243 nisi
1923 2207 1973 2243 ad

260 2276 575 2321 restringendam
610 2277 902 2320 paupe1¹tatem3
935 2276 971 2307 et
1002 2273 1071 2307 hoe
1111 2272 1270 2316 quidem
1302 2271 1349 2305 de
1382 2269 1669 2314 cujuscumque
1701 2268 1850 2314 gradus
1884 2271 1973 2303 voto

259 2338 412 2380 agatur.
431 2335 526 2369 Hinc
541 2335 648 2381 flictu
662 2344 683 2368 a
698 2333 876 2368 Prolesso
897 2334 1033 2367 contra
1048 2333 1320 2377 paupertatem
1348 2331 1479 2364 essent
1497 2330 1632 2363 contra
1653 2330 1787 2362 votum
1801 2327 1973 2363 solemne

262 2394 506 2439 paupertatis
539 2405 546 2428 :
571 2393 637 2438 ,jus
670 2393 931 2429 relaxativum
962 2390 1206 2437 paupertatis
1234 2400 1256 2424 a
1284 2389 1461 2424 Protesso
1494 2389 1749 2432 procuratum
1780 2390 1849 2422 aut
1881 2397 1974 2422 con-

262 2464 421 2489 sensum
443 2457 545 2489 esset
566 2456 702 2488 contra
723 2453 822 2487 illud
844 2455 978 2488 votum
1001 2451 1183 2496 simplex.

314 2514 363 2549 At
384 2517 500 2560 negat
519 2514 558 2549 P.
583 2514 629 2548 de
647 2513 895 2548 Reverseaux
917 2511 1122 2546 materiam
1141 2520 1182 2545 se
1201 2508 1410 2544 extendere
1431 2507 1481 2542 ad
1502 2516 1547 2542 ca
1570 2506 1617 2541 de
1640 2505 1787 2551 quibus
1813 2505 1974 2541 dubita-

263 2574 326 2609 tur
350 2576 481 2609 utrum
512 2573 591 2609 sint
620 2573 766 2608 directe
786 2572 833 2608 de
854 2574 943 2607 voto
963 2581 1013 2606 an
1036 2570 1163 2605 solum
1192 2569 1238 2605 de
1269 2567 1418 2613 regula.
1444 2562 1591 2615 (Editio
1612 2564 1787 2608 Suarez.,
1812 2575 1850 2610 p.
1876 2565 1970 2608 346,

262 2636 353 2668 nota
375 2630 433 2681 2.)
460 2633 644 2668 Attamen
675 2642 852 2677 respons.
883 2631 958 2665 luit
991 2626 1042 2679 (a.
1080 2628 1193 2672 1619,
1230 2627 1328 2663 1622
1379 2638 1385 2661 :
1418 2639 1433 2659 «
1468 2626 1662 2661 Votum...
1700 2625 1974 2670 complectitur

262 2693 392 2727 omnia
422 2703 509 2737 quat
537 2693 587 2728 ad
618 2692 817 2738 propriam
850 2690 1043 2725 rationem
1074 2687 1320 2734 paupertatis
1356 2688 1503 2721 nostrae
1542 2684 1761 2730 pertinent,
1800 2684 1974 2729 adeoque

263 2752 379 2787 etiam
420 2763 497 2787 non
533 2751 823 2788 admittendum
860 2749 1101 2795 stipendium
1134 2748 1195 2783 vel
1231 2747 1522 2791 eleemosynam
1563 2746 1723 2789 propter
1763 2744 1906 2779 missas
1937 2746 1974 2779 et

264 2811 483 2847 ministeria
513 2811 730 2847 Societatis.
760 2824 775 2844 »
800 2830 845 2835 —-
870 2810 906 2844 2⁰
927 2808 1121 2854 Obligatio
1145 2810 1201 2843 cst
1232 2806 1431 2852 negativa,
1466 2804 1615 2839 scilicet
1637 2803 1686 2838 ad
1706 2802 1807 2838 nihil
1827 2803 1971 2838 facien—

265 2872 357 2905 dum
379 2874 445 2906 aut
467 2872 711 2917 cooperative
741 2879 1026 2906 consensurum
1052 2879 1058 2902 1
1081 2878 1159 2902 non
1180 2870 1236 2902 est
1268 2868 1399 2901 autem
1424 2863 1612 2909 obligatio
1636 2863 1685 2897 ad
1706 2862 1971 2898 resistendum

264 2930 442 2974 positive.
469 2951 517 2955 —
540 2931 576 2966 3⁰
599 2930 823 2966 Prohibitus
855 2938 1071 2964 consensus
1092 2930 1150 2962 est
1172 2935 1387 2962 consensus
1416 2922 1708 2959 consultativus
1735 2925 1804 2958 aut
1825 2922 1970 2958 delibe-

266 2989 428 3024 rativus.
454 2994 490 3025 at
514 3002 591 3026 non
620 3000 835 3026 consensus
865 2998 969 3024 mere
989 2987 1210 3033 negativus.
1236 2985 1333 3020 Hinc
1355 2984 1390 3019 4ο
1411 2981 1670 3029 probabiliter
1690 2984 1822 3027 posset
1847 2980 1969 3027 accipi

268 3049 455 3085 relaxatio
477 3062 498 3085 a
519 3051 703 3086 l’ontiticc
734 3050 909 3093 indulta;
931 3051 967 3084 et
988 3048 1042 3083 ita
1074 3047 1254 3089 innuitur
1286 3044 1458 3081 sensisse
1481 3042 1521 3079 C.
1553 3042 1616 3085 G„
1642 3040 1689 3084 ΙΙ,
1713 3051 1798 3077 can.
1832 3041 1893 3076 21.
1921 3061 1969 3066 -—

2090 1330 2129 1364 tin
2141 1331 2145 1359 t

2091 1390 2126 1424 int]
2133 1396 2145 1420 '1‘

2092 1450 2145 1485 scint

2092 1519 2122 1545 1]th
2131 1518 2145 1541 3⁴

2093 1579 2111 1604 ce
2140 1578 2145 1601 ε

2095 1634 2129 1664 tus.
2143 1643 2145 1656 ·

2097 1754 2140 1785 insa

2097 1810 2145 1845 Pras

2099 1874 2113 1905 tt
2124 1871 2145 1903 Si
