2145 3366
1 454 22 488 11-

0 601 24 626 litu

0 656 25 689 111

0 713 25 748 rii

0 911 28 947 111-

0 971 27 1009 lis.

0 1094 30 1128 11111

3 1284 32 1317 1111]

0 1403 34 1429 nen

0 1517 35 1549 111111

0 1700 36 1731 sent

3 1756 38 1791 uris

644 270 905 297 inuri-:urm
940 269 1325 300 izi-:su›icx'riixmxw
1361 269 1453 296 irre.
1827 259 1898 296 1:15,

249 451 389 496 51111111ι
406 449 568 495 proinde
584 448 820 484 offerrentur
835 458 920 492 qua·
936 448 985 482 ad
1002 450 1186 482 neutrum
1203 450 1302 493 apta·
1318 449 1463 484 essent,
1485 448 1656 483 modeste
1672 448 1900 493 reslmendw

195 511 457 547 censebantur
485 511 553 544 aut
581 508 854 545 donatoribus.
888 518 956 553 per
987 507 1211 553 missiones,
1240 507 1320 542 sive
1345 510 1618 552 temporaneas
1648 508 1899 551 residentias,

196 570 414 606 satisfiebat
435 569 487 614 (u.
520 567 648 606 1610.)
678 567 781 601 Idem
811 567 938 601 denuo
960 570 1045 611 post
1077 566 1300 601 restitutam
1333 566 1579 609 Societatem,
1603 567 1730 612 quoad
1763 577 1903 611 parvas

197 629 432 666 residentias
456 627 774 662 commendatum
806 629 880 666 est,
905 629 1038 671 utpote
1062 625 1100 661 in
1122 626 1266 670 quibus
1293 626 1486 671 regularis
1517 626 1726 671 disciplina
1747 627 1904 661 ditiis-ile

198 689 329 733 vig-rere
362 687 485 733 possit
515 684 555 735 (6
591 696 681 731 aug.
722 685 852 733 1844).
888 685 1073 720 Attamen
1105 685 1143 719 in
1177 685 1361 720 civilibus
1395 685 1761 730 perturbationibus
1792 686 1905 721 valde

199 749 294 785 utile
313 757 398 783 esse
416 749 538 792 potest
561 745 787 791 hujusmodi
811 755 954 790 parvas
975 746 1115 779 domus
1136 744 1280 779 habere
1300 742 1355 792 (d.
1383 742 1510 793 1848).
1531 745 1634 780 Licet
1655 745 1903 785 Provinciali,

200 808 277 843 imo
294 807 465 852 expedit,
490 805 665 852 peritiori
687 804 803 839 alicui
823 814 869 839 ex
892 804 1168 849 Superioribus
1188 804 1251 849 jus
1272 803 1528 849 inspectionis
1549 804 1641 840 dare
1663 805 1702 839 in
1726 804 1907 850 Superio-

200 877 262 903 res
283 866 480 901 minorum
506 863 840 906 Residenssarum,
866 863 919 898 ita
945 867 1075 898 tamen
1098 866 1139 898 ut
1160 863 1227 899 ille
1247 873 1325 898 nou
1352 866 1561 899 censeatur
1582 864 1908 899 vice-Provincia-

200 927 250 962 lis
269 923 314 974 (f.
338 935 428 961 nov.
461 921 592 972 1832).
618 923 689 958 Illa
713 933 868 968 quoque
890 923 1039 968 passim
1071 923 1249 958 adhibita
1280 923 1415 968 praxis
1440 931 1448 958 :
1474 923 1621 958 scilicet
1642 926 1684 958 ut
1711 934 1758 959 ex
1788 923 1908 958 variis

201 985 383 1022 domibus
414 984 649 1026 minoribus,
682 983 828 1028 quibus
861 982 1076 1027 respective
1098 982 1244 1027 aliquis
1266 984 1452 1027 przeesset
1477 982 1775 1029 vice-Minister,
1807 993 1909 1018 com-

202 1047 426 1092 poneretur,
462 1047 664 1088 tamqnam
706 1052 753 1077 ex
794 1042 1003 1083 membris,
1042 1041 1157 1077 unica
1197 1042 1422 1077 Residentia
1462 1052 1549 1077 cum
1584 1052 1655 1078 suo
1687 1042 1907 1087 Superiore.

202 1105 355 1151 (Utrum
384 1107 421 1139 et
441 1113 518 1148 qua
540 1102 690 1138 ratione
712 1102 771 1136 hu*
793 1101 1029 1136 Residentia·
1058 1101 1135 1136 sint
1158 1104 1362 1146 exemptae,
1385 1101 1434 1136 ci.
1460 1102 1576 1145 intra,
1604 1112 1694 1147 app.
1720 1102 1767 1137 de
1788 1101 1910 1136 Privi-

203 1164 330 1211 legiis,
354 1164 393 1198 P.
420 1164 471 1199 2.
495 1173 530 1198 a.
559 1160 613 1210 1.)

266 1313 324 1358 ΙΙ.
359 1339 413 1346 ——
454 1311 614 1357 Missio
655 1310 750 1354 sive
789 1310 1060 1368 dependens
1100 1324 1125 1353 a
1164 1309 1407 1353 Provincia
1441 1310 1535 1353 sive
1575 1310 1909 1368 independens,
1972 1322 2017 1350 131

206 1405 300 1450 qua
329 1393 433 1435 talis
461 1396 506 1434 et
528 1394 665 1447 prout
683 1403 709 1433 a
730 1387 944 1447 Collegiis
969 1394 1014 1432 et
1034 1387 1261 1432 Domibus
1290 1388 1388 1432 suis
1420 1388 1909 1446 contradistinguitur,

207 1483 303 1514 non
354 1473 505 1526 potest
544 1467 747 1510 retinere
786 1465 1049 1509 dominium
1086 1465 1321 1509 bonorum
1370 1464 1686 1508 immobilium
1727 1466 1817 1509 nisi
1856 1465 1913 1509 ad

208 1547 348 1592 breve
376 1552 579 1602 tempus,
604 1558 691 1588 nec
719 1543 894 1588 habere
916 1547 1070 1600 potest
1093 1544 1170 1600 jus
1202 1542 1334 1585 civile
1356 1543 1412 1585 ad
1441 1542 1560 1586 ullos
1588 1542 1800 1587 redditus
1828 1549 1916 1588 sta-

210 1624 327 1670 biles
349 1638 404 1668 ex
436 1636 720 1681 quocunque
743 1621 891 1679 capite
920 1621 968 1663 111
990 1620 1264 1678 proveniant
1285 1618 1354 1678 (C.
1382 1620 1456 1675 G„
1495 1620 1657 1677 XXIV,
1690 1620 1763 1675 117,
1798 1635 1845 1664 n.
1870 1621 1914 1677 2,

213 1707 258 1746 et
283 1702 333 1746 P.
368 1701 556 1757 Martin,
591 1699 704 1743 Ord.
741 1699 838 1754 cit.,
873 1712 919 1742 n.
943 1698 988 1753 5,
1013 1712 1069 1741 ex
1100 1697 1214 1754 Cst.,
1249 1697 1326 1754 IV,
1360 1710 1411 1753 11,
1438 1698 1481 1753 2,
1515 1697 1558 1754 5,
1592 1698 1653 1754 Ε;
1674 1724 1732 1729 -
1757 1699 1811 1749 Χ,
1839 1698 1915 1756 5),

212 1780 293 1825 sed
327 1779 541 1823 eamdem
578 1776 865 1835 paupertatis
902 1775 1111 1819 indolem
1146 1788 1242 1832 prae
1269 1788 1318 1818 se
1346 1774 1436 1818 fert
1469 1789 1520 1818 ac
1547 1774 1791 1820 Provincia
1827 1790 1920 1834 qua

213 1857 332 1903 talis.
371 1856 573 1914 Collegia
605 1868 713 1899 vero
749 1859 794 1898 et
829 1854 1008 1898 Domus
1044 1853 1348 1911 probationis,
1385 1853 1433 1895 in
1469 1853 1707 1909 Missione,
1743 1854 1920 1898 eisdem

212 1935 398 1995 juribus
416 1934 663 1992 potiuntur
683 1932 800 1976 acin
821 1931 1081 1987 Provincia,
1103 1930 1308 1989 indeque
1330 1944 1493 1974 corum
1519 1930 1745 1975 collectio.
1768 1931 1922 1984 Quare

217 2013 437 2058 constitui
458 2015 611 2070 potest
638 2024 749 2054 arca
769 2010 1020 2066 Mis-sionis,
1046 2013 1091 2053 at
1110 2008 1275 2053 eodem
1295 2013 1477 2053 tantum
1506 2022 1649 2052 sensu
1674 2014 1720 2053 et
1746 2009 1923 2053 ratione

219 2106 270 2136 ac
307 2089 604 2135 constituitur
642 2101 754 2132 arca
791 2087 1075 2131 P‘rouz'nciae.
1112 2086 1183 2129 Illi
1219 2086 1361 2144 igitur
1394 2086 1573 2144 applica
1607 2087 1728 2143 quod
1763 2101 1921 2145 supra,

219 2170 275 2213 de
299 2169 401 2224 hac,
424 2167 600 2212 dictum
623 2166 728 2210 fuit.
754 2165 825 2223 (P.
857 2165 1045 2219 Martin,
1077 2163 1189 2207 Ord.
1222 2164 1318 2219 cit.,
1350 2178 1394 2207 n.
1419 2164 1463 2220 5,
1489 2164 1531 2219 6,
1556 2165 1620 2218 Ο.)

283 2299 363 2345 ΙΙΙ.
388 2324 445 2331 ——
465 2299 639 2344 Domus
661 2296 952 2355 Scriptorum
973 2299 1182 2354 (excepto
1206 2295 1398 2353 collegio
1422 2294 1672 2339 Civilitatis
1695 2296 1930 2341 catlzolica’
1984 2312 2037 2341 132

226 2378 348 2436 quod
365 2376 554 2436 speciali
571 2375 815 2420 Pontificia
836 2374 1178 2419 Constitutione
1194 2373 1386 2432 regitur)
1404 2373 1665 2418 redditibus
1685 2375 1930 2419 stabilibus

227 2456 422 2511 dotatas,
447 2454 641 2498 minime
664 2442 926 2498 conformes
949 2466 1050 2496 esse
1073 2452 1246 2515 nos-tris
1273 2450 1693 2495 Constitutionibus
1721 2452 1930 2497 declara-

226 2535 290 2578 vit
315 2533 363 2577 C.
395 2534 468 2588 G.,
492 2531 657 2587 XXIV,
684 2531 728 2574 d.
754 2530 836 2586 103
867 2530 989 2574 bene
1018 2544 1126 2574 vero
1155 2543 1291 2588 posse
1323 2529 1631 2587 Praepositum
1665 2530 1931 2588 generalem

230 2610 486 2656 concedere
517 2614 567 2653 ut
594 2608 738 2666 aliqui
766 2607 1026 2666 Scriptores
1056 2607 1269 2652 habitent
1298 2607 1345 2649 in
1374 2606 1578 2665 Collegio
1606 2607 1675 2650 vel
1707 2608 1755 2651 in
1786 2608 1933 2653 Domo

230 2690 382 2747 aliqua
415 2688 639 2746 applicata
681 2686 829 2729 instar
872 2685 1073 2730 membri
1109 2685 1197 2743 ipsi
1240 2684 1459 2742 Collegio,
1500 2686 1695 2743 ejusque
1741 2686 1935 2731 redditi-

232 2767 322 2811 bus
355 2770 560 2810 utantur.
591 2763 931 2820 Quodcumque
962 2768 1119 2807 autem
1151 2763 1331 2806 lucrum
1367 2776 1421 2804 ex
1455 2761 1590 2805 editis
1617 2763 1802 2821 scriptis
1830 2778 1937 2822 pro-

233 2845 448 2899 veniens,
491 2842 678 2887 Rectori
720 2841 911 2899 Collegii
947 2841 1272 2899 consignetur,
1313 2839 1389 2883 cui
1426 2839 1661 2897 integrum
1701 2842 1789 2885 erit
1826 2843 1937 2886 illud

236 2921 510 2979 impendere
543 2920 636 2963 sive
671 2918 727 2962 ad
758 2918 1071 2976 promovenda
1106 2918 1259 2962 studia
1290 2917 1497 2973 aliosque
1526 2931 1638 2961 usus
1672 2919 1937 2975 litterarius,

239 3001 334 3045 sive
367 2999 422 3042 ad
456 2998 600 3042 alium
634 3010 983 3055 quemcumque
1024 2996 1186 3040 utilem
1221 2996 1385 3049 linem,
1423 3000 1561 3051 prout
1601 3009 1624 3038 a
1664 2995 1941 3041 Provinciali
