2145 3366
124 1072 176 1099 35ss

118 1813 170 1839 357

241 220 319 259 :322
952 231 1062 259 PARS
1094 231 1240 259 SEXTA

238 408 415 449 cendam,
440 419 518 444 non
538 409 587 444 ad
605 419 716 455 quemv
748 418 833 444 eam
864 409 1004 443 indixit
1027 414 1079 453 (a.
1110 408 1222 451 1639,
1253 412 1289 444 et
1316 410 1464 454 pluries
1488 423 1502 442 «
1529 411 1569 445 in
1597 421 1712 456 quem
1737 422 1897 447 sensum
1919 423 1941 448 a

238 467 276 502 P.
296 467 339 502 N.
364 471 581 503 correctum
603 477 835 512 responsum
857 467 959 512 quod
979 467 1159 502 nonnihil
1179 468 1380 504 diversum
1400 470 1537 504 datum
1559 470 1718 516 tuerat.)
1746 483 1761 504 »

290 541 306 568 2
325 545 406 579 Non
429 548 555 590 potest
577 545 709 579 stricte
731 545 903 579 ambitus
925 544 1104 579 damnari
1127 545 1193 589 qui
1215 545 1397 581 Patribus
1418 546 1482 591 jus
1503 547 1680 592 suffragii
1703 548 1941 584 habentibus

237 604 374 639 suadet
397 607 439 639 ut
462 604 754 639 Procuratorem
776 614 854 638 non
875 614 922 638 ex
942 603 1147 638 Rertorum
1169 614 1332 640 numero
1353 606 1513 651 eligant.
1541 606 1614 641 Sed
1636 607 1668 641 is
1692 607 1793 642 male
1810 611 1942 652 ageret

236 666 272 697 et
293 673 315 698 a
336 663 380 698 R.
406 664 444 698 P.
469 664 511 698 N.
537 664 577 698 in
598 673 686 698 eum
708 665 840 708 posset
858 663 1016 698 extendi
1035 673 1149 708 poena
1170 664 1443 700 ambientium.
1464 664 1515 711 (a.
1542 664 1673 712 1642.)

559 887 617 922 ΙΙ.
646 906 691 910 -
718 885 885 930 Quoad
915 885 1133 922 Instituti
1161 887 1610 925 conservationem.

291 1059 324 1103 I.
349 1086 406 1090 ——
429 1061 661 1104 Censurae.
695 1084 752 1089 -—
786 1058 1235 1102 Excommunicatur
1264 1059 1365 1116 ipso
1397 1059 1516 1103 sacto
1555 1066 1601 1104 et
1634 1060 1856 1105 inhabilis
1887 1061 1939 1105 fit

230 1137 286 1180 atl
314 1136 541 1180 beneficia
568 1141 614 1179 et
640 1135 792 1179 officia
820 1136 961 1180 etiam
988 1135 1234 1193 regularIa,
1261 1136 1341 1194 qui
1369 1136 1609 1181 Societatis
1630 1137 1936 1182 Constitutio-

231 1228 313 1257 ues
335 1228 416 1257 seu
435 1213 827 1257 Constitutionein
849 1213 1061 1271 Gregorii
1083 1213 1208 1267 XIII,
1233 1213 1517 1257 Ascenclente
1538 1215 1756 1271 Domino,
1780 1215 1934 1273 impu-

228 1292 436 1349 gnaverit
471 1291 645 1334 directe
674 1290 743 1333 vel
773 1290 1016 1334 indirecte.
1047 1289 1250 1348 (Sanctae
1287 1290 1395 1334 Serli
1436 1297 1713 1336 reservatur.
1759 1293 1933 1351 Grego-

229 1369 327 1411 rius
350 1368 475 1411 XIII.
500 1367 821 1425 Asretzdente.)
838 1368 849 1394 ‘¹
872 1368 989 1410 Item
1012 1367 1093 1426 qui
1114 1368 1279 1425 quovis
1298 1374 1527 1425 praetextu
1549 1369 1931 1425 Constitutioues,

228 1445 430 1501 decreta,
453 1445 655 1489 Instituti
678 1445 1002 1488 substantialia
1026 1445 1372 1502 impugnaverit
1398 1451 1478 1490 aut
1506 1447 1676 1490 mutari
1707 1448 1938 1491 curaverit

227 1522 316 1566 alia
345 1537 397 1566 ac
424 1522 629 1580 legitima
656 1522 743 1566 via.
784 1522 1059 1580 (Gregorius
1086 1521 1207 1565 XIV.
1246 1523 1465 1567 Ecclesiae
1495 1524 1744 1567 catholicae.
1785 1524 1842 1568 Et
1876 1524 1934 1568 cf.

227 1600 399 1643 Paulus
429 1600 482 1651 V,
518 1600 707 1652 Quanta
733 1600 929 1656 Religio.
962 1599 1017 1643 Et
1044 1599 1093 1643 C.
1116 1600 1190 1655 Gr.²
1218 1600 1317 1654 XX,
1350 1606 1435 1645 act.
1467 1600 1541 1656 36,
1576 1601 1701 1659 apud
1732 1601 1933 1653 Oswald„

228 1692 274 1722 n.
299 1677 396 1735 28.)

286 1800 343 1844 II.
368 1826 424 1831 —-
449 1801 699 1857 Praecepta.
732 1825 789 1831 —-
809 1799 856 1843 '10
883 1799 1165 1844 Prohibetur
1188 1813 1247 1843 116
1269 1800 1373 1857 quis
1404 1800 1500 1843 sive
1528 1806 1657 1845 extra
1687 1801 1782 1845 sive
1812 1801 1934 1846 intra

226 1879 520 1932 Societatem,
546 1877 635 1920 nisi
659 1877 715 1920 ‹le
743 1877 982 1921 Generalis
1011 1882 1090 1921 aut
1107 1877 1386 1920 inferiorum
1406 1877 1933 1935 ΡΓ66905116Γ11111116611-

227 1956 304 2005 tia,
351 1955 526 2013 glossas
564 1968 704 2012 super
747 1954 1044 2009 Institutuin,
1097 1954 1464 1999 Constitutiones
1503 1961 1548 1999 et
1584 1955 1673 1999 alia
1712 1956 1760 1999 in
1803 1956 1935 2000 Bulla

224 2033 504 2076 Ascendente
527 2037 759 2086 contenta,
782 2031 919 2075 faciat
937 2037 1015 2075 aut
1037 2031 1258 2089 disputet,
1278 2038 1356 2076 aut
1383 2032 1658 2090 hujusmodi
1680 2033 1933 2091 impressas

225 2115 305 2153 aut
322 2110 516 2167 scriptas
534 2110 669 2167 legat,
693 2108 871 2163 doceat,
897 2108 1021 2165 apud
1050 2122 1099 2152 se
1121 2109 1318 2153 retineat
1338 2110 1408 2153 vel
1427 2109 1528 2152 aliis
1550 2109 1716 2154 tradat.
1742 2111 1932 2169 (Grego—

226 2188 322 2231 rius
343 2187 470 2230 XIII.
494 2186 817 2244 Ascendente.)

281 2266 329 2308 “20
356 2264 677 2307 Machinautes
699 2268 859 2306 contra
882 2263 1152 2306 Institutum
1174 2277 1317 2321 quam
1336 2264 1542 2321 primum
1564 2264 1781 2308 Generali
1803 2279 1931 2310 reve-

224 2342 397 2393 lentur,
422 2355 514 2384 non
538 2354 673 2384 secus
692 2354 744 2383 ac
762 2340 1028 2396 complices.
1053 2341 1118 2392 (G.
1145 2342 1218 2394 G.,
1243 2340 1297 2395 V,
1320 2340 1417 2396 52.)
1433 2344 1449 2371 ‘2

282 2419 325 2463 3⁰
352 2419 530 2462 Eodem
558 2418 744 2461 decreto
767 2417 1234 2473 comprehemluntur
1255 2417 1415 2462 Nostri
1442 2432 1606 2463 omnes
1628 2420 1707 2477 qui
1733 2420 1929 2464 aliorum

224 2508 634 2553 quorumcumque
669 2508 809 2551 opera
843 2500 1037 2538 utuntur
1067 2495 1123 2538 ad
1155 2494 1432 2540 Societatem
1461 2496 1843 2553 perturbandam.
1877 2523 1925 2532 —-

223 2573 588 2617 Provincialibus
622 2577 907 2629 praeceptum
938 2571 1198 2628 imponitur
1228 2578 1278 2616 ut
1310 2573 1357 2615 in
1388 2573 1660 2631 hujusmodi
1692 2574 1930 2631 inquirant

224 2658 268 2696 et
294 2650 573 2695 Generalem
596 2653 832 2703 moneant,
863 2662 948 2691 nec
976 2649 1130 2692 minus
1151 2649 1334 2693 fortiter
1352 2663 1491 2707 quam
1514 2650 1714 2696 fideliter
1734 2652 1783 2695 in
1805 2666 1858 2695 ea
1879 2667 1928 2696 re

226 2742 419 2772 munere
441 2742 525 2771 suo
549 2726 802 2783 fungantur
818 2724 886 2783 (C.
914 2726 966 2769 G.
993 2726 1070 2776 VI.
1096 2727 1155 2779 2).

276 2842 287 2868 1
315 2856 329 2876 «
360 2843 487 2878 Nostri
519 2842 584 2887 qui
617 2844 783 2886 possunt
814 2841 1017 2876 absolvere
1038 2851 1059 2876 a
1081 2842 1238 2877 casibus
1270 2842 1491 2887 papalibus,
1526 2842 1661 2877 eadem
1693 2844 1925 2880 auctoritate

224 2906 386 2948 possunt
422 2902 625 2937 absolvere
661 2901 869 2935 saeculares
900 2900 965 2944 qui
1000 2905 1222 2945 peccassent
1262 2905 1397 2936 contra
1427 2901 1579 2936 Bullam
1611 2901 1787 2947 Gregorii
1819 2904 1920 2945 XIII,

222 2962 450 2998 „isrendvnte
476 2974 489 2993 n
515 2959 566 3005 (a.
592 2959 640 2994 ‘23
661 2959 745 3003 jun.
771 2958 902 2993 15901.
930 2959 1010 3002 Qua
1034 2962 1162 2995 tamen
1186 2961 1335 2995 rati0ne
1358 2960 1483 3003 vigeat
1508 2960 1589 2994 ham
1606 2971 1771 2996 censura
1795 2964 1922 3007 quoad
