<?xml version="1.0" encoding="UTF-8"?>
<!DOCTYPE html PUBLIC "-//W3C//DTD XHTML 1.0 Transitional//EN"
    "http://www.w3.org/TR/xhtml1/DTD/xhtml1-transitional.dtd">
<html xmlns="http://www.w3.org/1999/xhtml" xml:lang="en" lang="en">
 <head>
  <title>
</title>
<meta http-equiv="Content-Type" content="text/html;charset=utf-8" />
  <meta name='ocr-system' content='tesseract 3.04.00' />
  <meta name='ocr-capabilities' content='ocr_page ocr_carea ocr_par ocr_line ocrx_word'/>
</head>
<body>
  <div class='ocr_page' id='page_1' title='image "./compendiuminstit00rami_0409.png"; bbox 0 0 2145 3366; ppageno 0'>
   <div class='ocr_carea' id='block_1_1' title="bbox 2 438 44 474">
    <p class='ocr_par' dir='ltr' id='par_1_1' title="bbox 2 438 44 474">
     <span class='ocr_line' id='line_1_1' title="bbox 2 438 44 474; baseline 0.119 -5"><span class='ocrx_word' id='word_1_1' title='bbox 2 438 44 474; x_wconf 74' lang='lat' dir='ltr'>toris</span> 
     </span>
    </p>
   </div>
   <div class='ocr_carea' id='block_1_2' title="bbox 0 559 48 712">
    <p class='ocr_par' dir='ltr' id='par_1_2' title="bbox 0 559 48 712">
     <span class='ocr_line' id='line_1_2' title="bbox 0 559 45 599; baseline 0.067 -9"><span class='ocrx_word' id='word_1_2' title='bbox 0 559 45 599; x_wconf 78' lang='lat' dir='ltr'>quod</span> 
     </span>
     <span class='ocr_line' id='line_1_3' title="bbox 0 616 45 652; baseline 0.067 -3"><span class='ocrx_word' id='word_1_3' title='bbox 0 616 3 647; x_wconf 67' lang='grc' dir='ltr'><strong><em>ἲ</em></strong></span> <span class='ocrx_word' id='word_1_4' title='bbox 13 616 45 652; x_wconf 74' lang='lat' dir='ltr'>[eh.</span> 
     </span>
     <span class='ocr_line' id='line_1_4' title="bbox 0 673 48 712; baseline 0.104 -5"><span class='ocrx_word' id='word_1_5' title='bbox 0 673 10 708; x_wconf 77' lang='lat'>11</span> <span class='ocrx_word' id='word_1_6' title='bbox 25 676 48 712; x_wconf 74' lang='lat' dir='ltr'>ita</span> 
     </span>
    </p>
   </div>
   <div class='ocr_carea' id='block_1_3' title="bbox 0 795 50 831">
    <p class='ocr_par' dir='ltr' id='par_1_3' title="bbox 0 795 50 831">
     <span class='ocr_line' id='line_1_5' title="bbox 0 795 50 831; baseline 0.08 -4"><span class='ocrx_word' id='word_1_7' title='bbox 0 795 50 831; x_wconf 58' lang='lat' dir='ltr'>esar·</span> 
     </span>
    </p>
   </div>
   <div class='ocr_carea' id='block_1_4' title="bbox 0 863 50 898">
    <p class='ocr_par' dir='ltr' id='par_1_4' title="bbox 0 863 50 898">
     <span class='ocr_line' id='line_1_6' title="bbox 0 863 50 898; baseline 0.04 -10"><span class='ocrx_word' id='word_1_8' title='bbox 0 863 50 898; x_wconf 73' lang='lat' dir='ltr'>quan]</span> 
     </span>
    </p>
   </div>
   <div class='ocr_carea' id='block_1_5' title="bbox 0 1035 55 1165">
    <p class='ocr_par' dir='ltr' id='par_1_5' title="bbox 0 1035 55 1165">
     <span class='ocr_line' id='line_1_7' title="bbox 0 1035 52 1076; baseline 0.115 -6"><span class='ocrx_word' id='word_1_9' title='bbox 0 1035 52 1076; x_wconf 71' lang='lat' dir='ltr'>ntur.</span> 
     </span>
     <span class='ocr_line' id='line_1_8' title="bbox 0 1110 55 1165; baseline -0.018 -13"><span class='ocrx_word' id='word_1_10' title='bbox 0 1121 3 1145; x_wconf 71' lang='lat'>;</span> <span class='ocrx_word' id='word_1_11' title='bbox 20 1110 55 1165; x_wconf 73' lang='lat' dir='ltr'>qui</span> 
     </span>
    </p>
   </div>
   <div class='ocr_carea' id='block_1_6' title="bbox 53 0 133 3366">
    <p class='ocr_par' dir='ltr' id='par_1_6' title="bbox 53 0 133 3366">
     <span class='ocr_line' id='line_1_9' title="bbox 53 0 133 3366; baseline 0 0"><span class='ocrx_word' id='word_1_12' title='bbox 53 0 133 3366; x_wconf 95' lang='lat' dir='ltr'> </span> 
     </span>
    </p>
   </div>
   <div class='ocr_carea' id='block_1_7' title="bbox 572 268 1873 313">
    <p class='ocr_par' dir='ltr' id='par_1_7' title="bbox 572 268 1873 313">
     <span class='ocr_line' id='line_1_10' title="bbox 572 268 1873 313; baseline -0.002 -4"><span class='ocrx_word' id='word_1_13' title='bbox 572 280 888 310; x_wconf 77' lang='lat' dir='ltr'>COLLEGIORUM</span> <span class='ocrx_word' id='word_1_14' title='bbox 922 278 1169 313; x_wconf 65' lang='lat' dir='ltr'>FUNDA‘mo,</span> <span class='ocrx_word' id='word_1_15' title='bbox 1204 279 1466 307; x_wconf 66' lang='grc'>0155010110</span> <span class='ocrx_word' id='word_1_16' title='bbox 1795 268 1873 307; x_wconf 72' lang='lat'>4033</span> 
     </span>
    </p>
   </div>
   <div class='ocr_carea' id='block_1_8' title="bbox 381 371 1503 375">
    <p class='ocr_par' dir='ltr' id='par_1_8' title="bbox 381 371 1503 375">
     <span class='ocr_line' id='line_1_11' title="bbox 381 371 1503 375; baseline 0 0"><span class='ocrx_word' id='word_1_17' title='bbox 381 371 1503 375; x_wconf 95' lang='lat' dir='ltr'> </span> 
     </span>
    </p>
   </div>
   <div class='ocr_carea' id='block_1_9' title="bbox 166 458 1876 805">
    <p class='ocr_par' dir='ltr' id='par_1_9' title="bbox 166 458 1876 805">
     <span class='ocr_line' id='line_1_12' title="bbox 167 458 1873 505; baseline -0.001 -11"><span class='ocrx_word' id='word_1_18' title='bbox 167 459 217 494; x_wconf 81' lang='lat'>24</span> <span class='ocrx_word' id='word_1_19' title='bbox 238 460 322 505; x_wconf 88' lang='lat' dir='ltr'>J&#39;un.</span> <span class='ocrx_word' id='word_1_20' title='bbox 353 459 484 504; x_wconf 89' lang='grc'>1595.)</span> <span class='ocrx_word' id='word_1_21' title='bbox 509 459 547 495; x_wconf 80' lang='lat' dir='ltr'>Si</span> <span class='ocrx_word' id='word_1_22' title='bbox 567 460 752 496; x_wconf 73' lang='lat' dir='ltr'>timeatur</span> <span class='ocrx_word' id='word_1_23' title='bbox 773 459 1006 504; x_wconf 71' lang='lat' dir='ltr'>Episcopum</span> <span class='ocrx_word' id='word_1_24' title='bbox 1029 458 1119 493; x_wconf 84' lang='lat' dir='ltr'>inde</span> <span class='ocrx_word' id='word_1_25' title='bbox 1141 458 1179 493; x_wconf 88' lang='lat' dir='ltr'>in</span> <span class='ocrx_word' id='word_1_26' title='bbox 1202 468 1272 493; x_wconf 80' lang='lat' dir='ltr'>nos</span> <span class='ocrx_word' id='word_1_27' title='bbox 1298 460 1585 503; x_wconf 82' lang='lat' dir='ltr'>usurpaturum</span> <span class='ocrx_word' id='word_1_28' title='bbox 1606 458 1669 503; x_wconf 86' lang='lat' dir='ltr'>jus</span> <span class='ocrx_word' id='word_1_29' title='bbox 1691 460 1873 503; x_wconf 85' lang='lat' dir='ltr'>patrona-</span> 
     </span>
     <span class='ocr_line' id='line_1_13' title="bbox 167 515 1876 565; baseline -0.001 -11"><span class='ocrx_word' id='word_1_30' title='bbox 167 521 246 561; x_wconf 86' lang='lat' dir='ltr'>tus,</span> <span class='ocrx_word' id='word_1_31' title='bbox 271 519 370 554; x_wconf 88' lang='lat' dir='ltr'>satis</span> <span class='ocrx_word' id='word_1_32' title='bbox 391 519 465 554; x_wconf 88' lang='lat' dir='ltr'>erit.</span> <span class='ocrx_word' id='word_1_33' title='bbox 485 520 518 554; x_wconf 90' lang='lat' dir='ltr'>si</span> <span class='ocrx_word' id='word_1_34' title='bbox 540 520 677 555; x_wconf 81' lang='lat' dir='ltr'>ardeat</span> <span class='ocrx_word' id='word_1_35' title='bbox 707 519 869 554; x_wconf 85' lang='lat' dir='ltr'>candela</span> <span class='ocrx_word' id='word_1_36' title='bbox 892 519 933 553; x_wconf 92' lang='lat' dir='ltr'>in</span> <span class='ocrx_word' id='word_1_37' title='bbox 958 518 1075 553; x_wconf 88' lang='lat' dir='ltr'>altari</span> <span class='ocrx_word' id='word_1_38' title='bbox 1100 518 1154 564; x_wconf 75' lang='grc' dir='ltr'>(α.</span> <span class='ocrx_word' id='word_1_39' title='bbox 1184 515 1321 565; x_wconf 82' lang='grc'>1568);</span> <span class='ocrx_word' id='word_1_40' title='bbox 1344 518 1446 552; x_wconf 90' lang='lat' dir='ltr'>sicut</span> <span class='ocrx_word' id='word_1_41' title='bbox 1469 517 1584 553; x_wconf 89' lang='lat' dir='ltr'>debet</span> <span class='ocrx_word' id='word_1_42' title='bbox 1611 517 1695 552; x_wconf 87' lang='lat' dir='ltr'>fieri</span> <span class='ocrx_word' id='word_1_43' title='bbox 1716 517 1876 563; x_wconf 86' lang='lat' dir='ltr'>quando</span> 
     </span>
     <span class='ocr_line' id='line_1_14' title="bbox 166 577 1876 624; baseline -0.002 -10"><span class='ocrx_word' id='word_1_44' title='bbox 166 579 369 614; x_wconf 87' lang='lat' dir='ltr'>Fundator</span> <span class='ocrx_word' id='word_1_45' title='bbox 396 581 465 613; x_wconf 85' lang='lat' dir='ltr'>aut</span> <span class='ocrx_word' id='word_1_46' title='bbox 485 579 570 624; x_wconf 86' lang='lat' dir='ltr'>ejus</span> <span class='ocrx_word' id='word_1_47' title='bbox 592 579 719 614; x_wconf 89' lang='lat' dir='ltr'>locum</span> <span class='ocrx_word' id='word_1_48' title='bbox 742 581 879 613; x_wconf 86' lang='lat' dir='ltr'>tenens</span> <span class='ocrx_word' id='word_1_49' title='bbox 900 587 979 613; x_wconf 91' lang='lat' dir='ltr'>non</span> <span class='ocrx_word' id='word_1_50' title='bbox 1006 578 1118 613; x_wconf 87' lang='lat' dir='ltr'>adest</span> <span class='ocrx_word' id='word_1_51' title='bbox 1141 579 1210 612; x_wconf 88' lang='lat' dir='ltr'>aut</span> <span class='ocrx_word' id='word_1_52' title='bbox 1232 586 1310 612; x_wconf 90' lang='lat' dir='ltr'>non</span> <span class='ocrx_word' id='word_1_53' title='bbox 1335 579 1461 618; x_wconf 89' lang='lat' dir='ltr'>curat,</span> <span class='ocrx_word' id='word_1_54' title='bbox 1480 577 1540 611; x_wconf 85' lang='lat' dir='ltr'>vel</span> <span class='ocrx_word' id='word_1_55' title='bbox 1562 578 1720 622; x_wconf 88' lang='lat' dir='ltr'>quando</span> <span class='ocrx_word' id='word_1_56' title='bbox 1742 577 1876 622; x_wconf 89' lang='lat' dir='ltr'>plures</span> 
     </span>
     <span class='ocr_line' id='line_1_15' title="bbox 166 635 1876 683; baseline -0.001 -10"><span class='ocrx_word' id='word_1_57' title='bbox 166 640 258 673; x_wconf 90' lang='lat' dir='ltr'>sunt</span> <span class='ocrx_word' id='word_1_58' title='bbox 280 647 351 673; x_wconf 87' lang='lat' dir='ltr'>nec-</span> <span class='ocrx_word' id='word_1_59' title='bbox 370 640 428 673; x_wconf 86' lang='lat' dir='ltr'>est</span> <span class='ocrx_word' id='word_1_60' title='bbox 451 638 551 673; x_wconf 90' lang='lat' dir='ltr'>ratio</span> <span class='ocrx_word' id='word_1_61' title='bbox 569 648 639 673; x_wconf 87' lang='lat' dir='ltr'>cur</span> <span class='ocrx_word' id='word_1_62' title='bbox 660 638 729 673; x_wconf 88' lang='lat' dir='ltr'>uni</span> <span class='ocrx_word' id='word_1_63' title='bbox 751 638 882 683; x_wconf 88' lang='lat' dir='ltr'>potius</span> <span class='ocrx_word' id='word_1_64' title='bbox 913 646 1032 682; x_wconf 86' lang='lat' dir='ltr'>quam</span> <span class='ocrx_word' id='word_1_65' title='bbox 1052 636 1166 671; x_wconf 91' lang='lat' dir='ltr'>alteri</span> <span class='ocrx_word' id='word_1_66' title='bbox 1194 636 1383 671; x_wconf 81' lang='lat' dir='ltr'>offeratur</span> <span class='ocrx_word' id='word_1_67' title='bbox 1403 636 1456 681; x_wconf 73' lang='lat' dir='ltr'>(a.</span> <span class='ocrx_word' id='word_1_68' title='bbox 1484 636 1623 681; x_wconf 84' lang='lat'>1576);</span> <span class='ocrx_word' id='word_1_69' title='bbox 1654 638 1690 671; x_wconf 91' lang='lat' dir='ltr'>et</span> <span class='ocrx_word' id='word_1_70' title='bbox 1717 635 1876 681; x_wconf 87' lang='lat' dir='ltr'>quando</span> 
     </span>
     <span class='ocr_line' id='line_1_16' title="bbox 167 698 1876 744; baseline -0.001 -9"><span class='ocrx_word' id='word_1_71' title='bbox 167 702 247 735; x_wconf 89' lang='lat' dir='ltr'>tota</span> <span class='ocrx_word' id='word_1_72' title='bbox 268 699 408 735; x_wconf 86' lang='lat' dir='ltr'>civitas</span> <span class='ocrx_word' id='word_1_73' title='bbox 435 703 493 735; x_wconf 89' lang='lat' dir='ltr'>est</span> <span class='ocrx_word' id='word_1_74' title='bbox 524 700 757 741; x_wconf 90' lang='lat' dir='ltr'>Fundatrix,</span> <span class='ocrx_word' id='word_1_75' title='bbox 793 699 924 734; x_wconf 74' lang='lat' dir='ltr'>affixis</span> <span class='ocrx_word' id='word_1_76' title='bbox 957 698 1184 744; x_wconf 81' lang='lat' dir='ltr'>insignibus</span> <span class='ocrx_word' id='word_1_77' title='bbox 1207 698 1395 742; x_wconf 84' lang='lat' dir='ltr'>civitatis,</span> <span class='ocrx_word' id='word_1_78' title='bbox 1420 698 1498 733; x_wconf 90' lang='lat' dir='ltr'>nisi</span> <span class='ocrx_word' id='word_1_79' title='bbox 1526 698 1785 744; x_wconf 78' lang='lat' dir='ltr'>magistratus</span> <span class='ocrx_word' id='word_1_80' title='bbox 1809 698 1876 742; x_wconf 91' lang='lat' dir='ltr'>qui</span> 
     </span>
     <span class='ocr_line' id='line_1_17' title="bbox 167 755 1873 805; baseline -0.001 -11"><span class='ocrx_word' id='word_1_81' title='bbox 167 761 290 794; x_wconf 90' lang='lat' dir='ltr'>totam</span> <span class='ocrx_word' id='word_1_82' title='bbox 311 759 510 795; x_wconf 82' lang='lat' dir='ltr'>civitatem</span> <span class='ocrx_word' id='word_1_83' title='bbox 533 762 774 805; x_wconf 78' lang='lat' dir='ltr'>representet</span> <span class='ocrx_word' id='word_1_84' title='bbox 797 758 994 804; x_wconf 79' lang='lat' dir='ltr'>significat</span> <span class='ocrx_word' id='word_1_85' title='bbox 1015 761 1173 804; x_wconf 86' lang='lat' dir='ltr'>gratum</span> <span class='ocrx_word' id='word_1_86' title='bbox 1196 758 1277 793; x_wconf 82' lang='lat' dir='ltr'>iore</span> <span class='ocrx_word' id='word_1_87' title='bbox 1297 758 1330 793; x_wconf 90' lang='lat' dir='ltr'>si</span> <span class='ocrx_word' id='word_1_88' title='bbox 1351 757 1428 803; x_wconf 90' lang='lat' dir='ltr'>ipsi</span> <span class='ocrx_word' id='word_1_89' title='bbox 1447 756 1636 793; x_wconf 78' lang='lat' dir='ltr'>offeratur</span> <span class='ocrx_word' id='word_1_90' title='bbox 1657 757 1710 803; x_wconf 73' lang='lat' dir='ltr'>(a.</span> <span class='ocrx_word' id='word_1_91' title='bbox 1740 755 1873 802; x_wconf 82' lang='lat'>1597).</span> 
     </span>
    </p>
   </div>
   <div class='ocr_carea' id='block_1_10' title="bbox 166 832 1882 1715">
    <p class='ocr_par' dir='ltr' id='par_1_10' title="bbox 166 832 1882 1715">
     <span class='ocr_line' id='line_1_18' title="bbox 219 832 1878 883; baseline 0 -14"><span class='ocrx_word' id='word_1_92' title='bbox 219 833 236 860; x_wconf 70' lang='lat'>9.</span> <span class='ocrx_word' id='word_1_93' title='bbox 260 849 277 869; x_wconf 87' lang='grc'>«</span> <span class='ocrx_word' id='word_1_94' title='bbox 301 836 398 880; x_wconf 82' lang='lat' dir='ltr'>Quia</span> <span class='ocrx_word' id='word_1_95' title='bbox 429 837 557 882; x_wconf 82' lang='lat' dir='ltr'>majus</span> <span class='ocrx_word' id='word_1_96' title='bbox 583 847 627 872; x_wconf 91' lang='lat' dir='ltr'>ea</span> <span class='ocrx_word' id='word_1_97' title='bbox 651 832 1033 883; x_wconf 67' lang='lat' dir='ltr'>(communicatione)</span> <span class='ocrx_word' id='word_1_98' title='bbox 1066 834 1240 870; x_wconf 82' lang='lat' dir='ltr'>Societas</span> <span class='ocrx_word' id='word_1_99' title='bbox 1272 835 1373 880; x_wconf 87' lang='lat' dir='ltr'>grati</span> <span class='ocrx_word' id='word_1_100' title='bbox 1403 834 1527 870; x_wconf 90' lang='lat' dir='ltr'>animi</span> <span class='ocrx_word' id='word_1_101' title='bbox 1547 837 1585 870; x_wconf 92' lang='lat' dir='ltr'>et</span> <span class='ocrx_word' id='word_1_102' title='bbox 1615 834 1878 870; x_wconf 73' lang='lat' dir='ltr'>observantiae</span> 
     </span>
     <span class='ocr_line' id='line_1_19' title="bbox 166 891 1877 943; baseline -0.001 -12"><span class='ocrx_word' id='word_1_103' title='bbox 166 896 445 931; x_wconf 81' lang='lat' dir='ltr'>documentum</span> <span class='ocrx_word' id='word_1_104' title='bbox 470 906 547 932; x_wconf 91' lang='lat' dir='ltr'>non</span> <span class='ocrx_word' id='word_1_105' title='bbox 576 897 708 938; x_wconf 87' lang='lat' dir='ltr'>habet,</span> <span class='ocrx_word' id='word_1_106' title='bbox 742 905 874 931; x_wconf 88' lang='lat' dir='ltr'>raram</span> <span class='ocrx_word' id='word_1_107' title='bbox 902 905 988 930; x_wconf 86' lang='lat' dir='ltr'>esse</span> <span class='ocrx_word' id='word_1_108' title='bbox 1019 897 1170 940; x_wconf 84' lang='lat' dir='ltr'>oportet</span> <span class='ocrx_word' id='word_1_109' title='bbox 1194 907 1209 927; x_wconf 85' lang='lat'>»</span> <span class='ocrx_word' id='word_1_110' title='bbox 1241 891 1291 943; x_wconf 84' lang='lat' dir='ltr'>(a.</span> <span class='ocrx_word' id='word_1_111' title='bbox 1318 893 1448 939; x_wconf 72' lang='lat'>1621).</span> <span class='ocrx_word' id='word_1_112' title='bbox 1480 894 1523 929; x_wconf 91' lang='lat' dir='ltr'>In</span> <span class='ocrx_word' id='word_1_113' title='bbox 1554 904 1598 929; x_wconf 84' lang='lat' dir='ltr'>ea</span> <span class='ocrx_word' id='word_1_114' title='bbox 1628 894 1877 929; x_wconf 86' lang='lat' dir='ltr'>concedenda</span> 
     </span>
     <span class='ocr_line' id='line_1_20' title="bbox 167 953 1873 996; baseline -0.001 -6"><span class='ocrx_word' id='word_1_115' title='bbox 167 958 259 990; x_wconf 91' lang='lat' dir='ltr'>sunt</span> <span class='ocrx_word' id='word_1_116' title='bbox 288 955 529 991; x_wconf 86' lang='lat' dir='ltr'>attendenda</span> <span class='ocrx_word' id='word_1_117' title='bbox 558 965 637 990; x_wconf 92' lang='lat' dir='ltr'>non</span> <span class='ocrx_word' id='word_1_118' title='bbox 668 955 796 990; x_wconf 87' lang='lat' dir='ltr'>solum</span> <span class='ocrx_word' id='word_1_119' title='bbox 818 954 945 989; x_wconf 81' lang='lat' dir='ltr'>virtus</span> <span class='ocrx_word' id='word_1_120' title='bbox 964 957 1000 989; x_wconf 92' lang='lat' dir='ltr'>et</span> <span class='ocrx_word' id='word_1_121' title='bbox 1025 954 1179 996; x_wconf 89' lang='lat' dir='ltr'>merita,</span> <span class='ocrx_word' id='word_1_122' title='bbox 1204 953 1273 989; x_wconf 89' lang='lat' dir='ltr'>sed</span> <span class='ocrx_word' id='word_1_123' title='bbox 1302 953 1420 988; x_wconf 86' lang='lat' dir='ltr'>etiam</span> <span class='ocrx_word' id='word_1_124' title='bbox 1453 953 1542 989; x_wconf 78' lang='lat' dir='ltr'>vitae</span> <span class='ocrx_word' id='word_1_125' title='bbox 1570 953 1769 996; x_wconf 89' lang='lat' dir='ltr'>honestas,</span> <span class='ocrx_word' id='word_1_126' title='bbox 1801 956 1873 988; x_wconf 89' lang='lat' dir='ltr'>etc.</span> 
     </span>
     <span class='ocr_line' id='line_1_21' title="bbox 168 1011 1876 1063; baseline -0.001 -13"><span class='ocrx_word' id='word_1_127' title='bbox 168 1011 219 1060; x_wconf 78' lang='lat' dir='ltr'>(a.</span> <span class='ocrx_word' id='word_1_128' title='bbox 246 1012 381 1063; x_wconf 78' lang='lat'>1629):</span> <span class='ocrx_word' id='word_1_129' title='bbox 406 1024 428 1050; x_wconf 85' lang='lat' dir='ltr'>a</span> <span class='ocrx_word' id='word_1_130' title='bbox 449 1014 611 1050; x_wconf 88' lang='lat' dir='ltr'>Rectore</span> <span class='ocrx_word' id='word_1_131' title='bbox 631 1014 717 1050; x_wconf 86' lang='lat' dir='ltr'>dari</span> <span class='ocrx_word' id='word_1_132' title='bbox 738 1014 888 1058; x_wconf 88' lang='lat' dir='ltr'>nequit,</span> <span class='ocrx_word' id='word_1_133' title='bbox 911 1013 979 1048; x_wconf 88' lang='lat' dir='ltr'>sed</span> <span class='ocrx_word' id='word_1_134' title='bbox 1000 1022 1022 1047; x_wconf 93' lang='lat' dir='ltr'>a</span> <span class='ocrx_word' id='word_1_135' title='bbox 1044 1012 1296 1053; x_wconf 89' lang='lat' dir='ltr'>Provinciali,</span> <span class='ocrx_word' id='word_1_136' title='bbox 1321 1013 1405 1048; x_wconf 90' lang='lat' dir='ltr'>sive</span> <span class='ocrx_word' id='word_1_137' title='bbox 1425 1023 1495 1058; x_wconf 93' lang='lat' dir='ltr'>pro</span> <span class='ocrx_word' id='word_1_138' title='bbox 1516 1012 1732 1048; x_wconf 70' lang='lat' dir='ltr'>Provinciae</span> <span class='ocrx_word' id='word_1_139' title='bbox 1760 1012 1876 1048; x_wconf 94' lang='lat' dir='ltr'>meri-</span> 
     </span>
     <span class='ocr_line' id='line_1_22' title="bbox 169 1069 1877 1121; baseline -0.001 -12"><span class='ocrx_word' id='word_1_140' title='bbox 169 1073 234 1117; x_wconf 85' lang='lat' dir='ltr'>tis,</span> <span class='ocrx_word' id='word_1_141' title='bbox 264 1074 348 1109; x_wconf 89' lang='lat' dir='ltr'>sive</span> <span class='ocrx_word' id='word_1_142' title='bbox 377 1084 448 1119; x_wconf 92' lang='lat' dir='ltr'>pro</span> <span class='ocrx_word' id='word_1_143' title='bbox 477 1073 639 1119; x_wconf 86' lang='lat' dir='ltr'>Collegii</span> <span class='ocrx_word' id='word_1_144' title='bbox 664 1075 711 1121; x_wconf 65' lang='lat' dir='ltr'>ja.</span> <span class='ocrx_word' id='word_1_145' title='bbox 742 1072 869 1120; x_wconf 79' lang='grc'>1625).</span> <span class='ocrx_word' id='word_1_146' title='bbox 895 1072 938 1107; x_wconf 84' lang='grc' dir='ltr'>Ε1</span> <span class='ocrx_word' id='word_1_147' title='bbox 961 1072 1087 1107; x_wconf 90' lang='lat' dir='ltr'>satius</span> <span class='ocrx_word' id='word_1_148' title='bbox 1109 1074 1168 1107; x_wconf 92' lang='lat' dir='ltr'>est</span> <span class='ocrx_word' id='word_1_149' title='bbox 1187 1075 1229 1107; x_wconf 91' lang='lat' dir='ltr'>ut</span> <span class='ocrx_word' id='word_1_150' title='bbox 1260 1081 1338 1106; x_wconf 91' lang='lat' dir='ltr'>non</span> <span class='ocrx_word' id='word_1_151' title='bbox 1373 1069 1492 1107; x_wconf 78' lang='lat' dir='ltr'>iaciat</span> <span class='ocrx_word' id='word_1_152' title='bbox 1525 1072 1605 1107; x_wconf 92' lang='lat' dir='ltr'>nisi</span> <span class='ocrx_word' id='word_1_153' title='bbox 1637 1082 1684 1107; x_wconf 89' lang='lat' dir='ltr'>ex</span> <span class='ocrx_word' id='word_1_154' title='bbox 1715 1071 1877 1107; x_wconf 90' lang='lat' dir='ltr'>consilis</span> 
     </span>
     <span class='ocr_line' id='line_1_23' title="bbox 167 1128 1878 1180; baseline -0.001 -12"><span class='ocrx_word' id='word_1_155' title='bbox 167 1133 437 1168; x_wconf 89' lang='lat' dir='ltr'>consultorum</span> <span class='ocrx_word' id='word_1_156' title='bbox 461 1143 623 1169; x_wconf 90' lang='lat' dir='ltr'>suorum</span> <span class='ocrx_word' id='word_1_157' title='bbox 643 1133 684 1179; x_wconf 79' lang='lat' dir='ltr'>(f.</span> <span class='ocrx_word' id='word_1_158' title='bbox 710 1132 758 1167; x_wconf 74' lang='lat'>:20</span> <span class='ocrx_word' id='word_1_159' title='bbox 776 1132 862 1177; x_wconf 87' lang='lat' dir='ltr'>juin</span> <span class='ocrx_word' id='word_1_160' title='bbox 888 1128 1018 1180; x_wconf 84' lang='grc'>1835).</span> <span class='ocrx_word' id='word_1_161' title='bbox 1044 1131 1174 1166; x_wconf 89' lang='lat' dir='ltr'>Potest</span> <span class='ocrx_word' id='word_1_162' title='bbox 1199 1131 1239 1166; x_wconf 91' lang='lat' dir='ltr'>id</span> <span class='ocrx_word' id='word_1_163' title='bbox 1262 1131 1389 1166; x_wconf 79' lang='lat' dir='ltr'>iacere</span> <span class='ocrx_word' id='word_1_164' title='bbox 1416 1142 1485 1177; x_wconf 86' lang='lat' dir='ltr'>per</span> <span class='ocrx_word' id='word_1_165' title='bbox 1509 1131 1663 1167; x_wconf 83' lang='lat' dir='ltr'>litteras</span> <span class='ocrx_word' id='word_1_166' title='bbox 1691 1131 1878 1167; x_wconf 90' lang='lat' dir='ltr'>missivas</span> 
     </span>
     <span class='ocr_line' id='line_1_24' title="bbox 171 1190 1878 1239; baseline -0.001 -11"><span class='ocrx_word' id='word_1_167' title='bbox 171 1196 221 1239; x_wconf 63' lang='lat' dir='ltr'>(a.</span> <span class='ocrx_word' id='word_1_168' title='bbox 246 1191 379 1239; x_wconf 85' lang='grc'>1598),</span> <span class='ocrx_word' id='word_1_169' title='bbox 403 1192 534 1228; x_wconf 88' lang='lat' dir='ltr'>rarius</span> <span class='ocrx_word' id='word_1_170' title='bbox 564 1202 633 1237; x_wconf 84' lang='lat' dir='ltr'>per</span> <span class='ocrx_word' id='word_1_171' title='bbox 660 1194 862 1237; x_wconf 88' lang='lat' dir='ltr'>patentes;</span> <span class='ocrx_word' id='word_1_172' title='bbox 886 1193 922 1225; x_wconf 87' lang='lat' dir='ltr'>et</span> <span class='ocrx_word' id='word_1_173' title='bbox 945 1193 1038 1225; x_wconf 87' lang='lat' dir='ltr'>tunc</span> <span class='ocrx_word' id='word_1_174' title='bbox 1070 1190 1149 1225; x_wconf 90' lang='lat' dir='ltr'>sint</span> <span class='ocrx_word' id='word_1_175' title='bbox 1177 1190 1327 1225; x_wconf 88' lang='lat' dir='ltr'>similes</span> <span class='ocrx_word' id='word_1_176' title='bbox 1355 1190 1405 1226; x_wconf 91' lang='lat' dir='ltr'>iis</span> <span class='ocrx_word' id='word_1_177' title='bbox 1423 1201 1521 1236; x_wconf 86' lang='lat' dir='ltr'>quas</span> <span class='ocrx_word' id='word_1_178' title='bbox 1550 1191 1616 1226; x_wconf 87' lang='lat' dir='ltr'>dat</span> <span class='ocrx_word' id='word_1_179' title='bbox 1638 1191 1878 1236; x_wconf 81' lang='lat' dir='ltr'>Praepositus</span> 
     </span>
     <span class='ocr_line' id='line_1_25' title="bbox 169 1247 1879 1298; baseline -0.001 -11"><span class='ocrx_word' id='word_1_180' title='bbox 169 1251 364 1297; x_wconf 84' lang='lat' dir='ltr'>generalis</span> <span class='ocrx_word' id='word_1_181' title='bbox 395 1251 559 1287; x_wconf 89' lang='lat' dir='ltr'>mutatis</span> <span class='ocrx_word' id='word_1_182' title='bbox 591 1251 794 1286; x_wconf 83' lang='lat' dir='ltr'>mutandis</span> <span class='ocrx_word' id='word_1_183' title='bbox 824 1252 877 1293; x_wconf 77' lang='lat' dir='ltr'>(a.</span> <span class='ocrx_word' id='word_1_184' title='bbox 913 1247 1041 1298; x_wconf 86' lang='grc'>1598).</span> <span class='ocrx_word' id='word_1_185' title='bbox 1078 1249 1161 1284; x_wconf 85' lang='grc' dir='ltr'>Νο11</span> <span class='ocrx_word' id='word_1_186' title='bbox 1193 1250 1324 1285; x_wconf 91' lang='lat' dir='ltr'>danda</span> <span class='ocrx_word' id='word_1_187' title='bbox 1353 1253 1412 1286; x_wconf 89' lang='lat' dir='ltr'>est</span> <span class='ocrx_word' id='word_1_188' title='bbox 1442 1250 1520 1285; x_wconf 91' lang='lat' dir='ltr'>nisi</span> <span class='ocrx_word' id='word_1_189' title='bbox 1553 1251 1707 1296; x_wconf 80' lang='lat' dir='ltr'>egregie</span> <span class='ocrx_word' id='word_1_190' title='bbox 1740 1251 1879 1286; x_wconf 90' lang='lat' dir='ltr'>merito</span> 
     </span>
     <span class='ocr_line' id='line_1_26' title="bbox 171 1306 1879 1360; baseline -0.001 -13"><span class='ocrx_word' id='word_1_191' title='bbox 171 1307 222 1360; x_wconf 80' lang='lat' dir='ltr'>(a.</span> <span class='ocrx_word' id='word_1_192' title='bbox 247 1310 362 1353; x_wconf 89' lang='grc'>1594,</span> <span class='ocrx_word' id='word_1_193' title='bbox 397 1307 534 1359; x_wconf 85' lang='grc'>1653);</span> <span class='ocrx_word' id='word_1_194' title='bbox 567 1310 879 1356; x_wconf 86' lang='lat' dir='ltr'>particularibus</span> <span class='ocrx_word' id='word_1_195' title='bbox 907 1311 943 1344; x_wconf 90' lang='lat' dir='ltr'>et</span> <span class='ocrx_word' id='word_1_196' title='bbox 971 1319 1050 1343; x_wconf 89' lang='lat' dir='ltr'>non</span> <span class='ocrx_word' id='word_1_197' title='bbox 1082 1308 1152 1344; x_wconf 84' lang='lat' dir='ltr'>toti</span> <span class='ocrx_word' id='word_1_198' title='bbox 1184 1309 1457 1344; x_wconf 86' lang='lat' dir='ltr'>communitati</span> <span class='ocrx_word' id='word_1_199' title='bbox 1491 1307 1541 1358; x_wconf 83' lang='lat' dir='ltr'>(a.</span> <span class='ocrx_word' id='word_1_200' title='bbox 1575 1306 1806 1358; x_wconf 78' lang='grc'>1625);1100</span> <span class='ocrx_word' id='word_1_201' title='bbox 1834 1319 1879 1345; x_wconf 86' lang='lat' dir='ltr'>ea</span> 
     </span>
     <span class='ocr_line' id='line_1_27' title="bbox 169 1368 1880 1416; baseline -0.001 -10"><span class='ocrx_word' id='word_1_202' title='bbox 169 1370 310 1413; x_wconf 78' lang='lat' dir='ltr'>torma,</span> <span class='ocrx_word' id='word_1_203' title='bbox 331 1373 373 1406; x_wconf 92' lang='lat' dir='ltr'>ut</span> <span class='ocrx_word' id='word_1_204' title='bbox 395 1370 484 1416; x_wconf 90' lang='lat' dir='ltr'>quis</span> <span class='ocrx_word' id='word_1_205' title='bbox 505 1370 545 1404; x_wconf 91' lang='lat' dir='ltr'>in</span> <span class='ocrx_word' id='word_1_206' title='bbox 568 1370 693 1404; x_wconf 81' lang='lat' dir='ltr'>tilium</span> <span class='ocrx_word' id='word_1_207' title='bbox 723 1369 784 1404; x_wconf 86' lang='lat' dir='ltr'>vel</span> <span class='ocrx_word' id='word_1_208' title='bbox 809 1368 932 1403; x_wconf 91' lang='lat' dir='ltr'>filiam</span> <span class='ocrx_word' id='word_1_209' title='bbox 963 1368 1083 1413; x_wconf 85' lang='lat' dir='ltr'>recipi</span> <span class='ocrx_word' id='word_1_210' title='bbox 1112 1370 1286 1413; x_wconf 90' lang='lat' dir='ltr'>putetur,</span> <span class='ocrx_word' id='word_1_211' title='bbox 1308 1378 1356 1403; x_wconf 88' lang='lat' dir='ltr'>ne</span> <span class='ocrx_word' id='word_1_212' title='bbox 1376 1368 1583 1404; x_wconf 88' lang='lat' dir='ltr'>videamur</span> <span class='ocrx_word' id='word_1_213' title='bbox 1601 1369 1786 1404; x_wconf 90' lang='lat' dir='ltr'>Ordinem</span> <span class='ocrx_word' id='word_1_214' title='bbox 1804 1371 1880 1404; x_wconf 89' lang='lat' dir='ltr'>ter-</span> 
     </span>
     <span class='ocr_line' id='line_1_28' title="bbox 170 1427 1880 1476; baseline -0.001 -11"><span class='ocrx_word' id='word_1_215' title='bbox 170 1430 369 1465; x_wconf 88' lang='lat' dir='ltr'>tianorum</span> <span class='ocrx_word' id='word_1_216' title='bbox 400 1430 570 1464; x_wconf 76' lang='lat' dir='ltr'>fundare</span> <span class='ocrx_word' id='word_1_217' title='bbox 607 1428 660 1474; x_wconf 77' lang='lat' dir='ltr'>(a.</span> <span class='ocrx_word' id='word_1_218' title='bbox 698 1428 827 1476; x_wconf 82' lang='lat'>1581).</span> <span class='ocrx_word' id='word_1_219' title='bbox 864 1427 981 1462; x_wconf 89' lang='lat' dir='ltr'>Nemo</span> <span class='ocrx_word' id='word_1_220' title='bbox 1012 1427 1243 1462; x_wconf 86' lang='lat' dir='ltr'>Nostrorum</span> <span class='ocrx_word' id='word_1_221' title='bbox 1278 1437 1323 1462; x_wconf 89' lang='lat' dir='ltr'>ea</span> <span class='ocrx_word' id='word_1_222' title='bbox 1353 1431 1493 1473; x_wconf 88' lang='lat' dir='ltr'>sponte</span> <span class='ocrx_word' id='word_1_223' title='bbox 1521 1428 1659 1464; x_wconf 79' lang='lat' dir='ltr'>offerat</span> <span class='ocrx_word' id='word_1_224' title='bbox 1684 1428 1747 1464; x_wconf 88' lang='lat' dir='ltr'>vel</span> <span class='ocrx_word' id='word_1_225' title='bbox 1773 1430 1880 1473; x_wconf 87' lang='lat' dir='ltr'>petat</span> 
     </span>
     <span class='ocr_line' id='line_1_29' title="bbox 172 1486 1880 1538; baseline -0.002 -13"><span class='ocrx_word' id='word_1_226' title='bbox 172 1486 222 1538; x_wconf 86' lang='grc' dir='ltr'>(α.</span> <span class='ocrx_word' id='word_1_227' title='bbox 255 1488 382 1535; x_wconf 73' lang='grc'>1629).</span> <span class='ocrx_word' id='word_1_228' title='bbox 413 1503 428 1521; x_wconf 77' lang='grc' dir='ltr'>α</span> <span class='ocrx_word' id='word_1_229' title='bbox 462 1488 774 1524; x_wconf 88' lang='lat' dir='ltr'>Communicatio</span> <span class='ocrx_word' id='word_1_230' title='bbox 807 1487 1039 1522; x_wconf 87' lang='lat' dir='ltr'>meritorum</span> <span class='ocrx_word' id='word_1_231' title='bbox 1070 1487 1111 1521; x_wconf 91' lang='lat' dir='ltr'>in</span> <span class='ocrx_word' id='word_1_232' title='bbox 1143 1486 1334 1522; x_wconf 85' lang='lat' dir='ltr'>Societate</span> <span class='ocrx_word' id='word_1_233' title='bbox 1366 1490 1554 1533; x_wconf 87' lang='lat' dir='ltr'>operatur</span> <span class='ocrx_word' id='word_1_234' title='bbox 1588 1488 1690 1523; x_wconf 87' lang='grc'>510111</span> <span class='ocrx_word' id='word_1_235' title='bbox 1720 1488 1761 1523; x_wconf 88' lang='grc'>111</span> <span class='ocrx_word' id='word_1_236' title='bbox 1791 1487 1880 1523; x_wconf 91' lang='lat' dir='ltr'>aliis</span> 
     </span>
     <span class='ocr_line' id='line_1_30' title="bbox 170 1546 1881 1593; baseline -0.001 -9"><span class='ocrx_word' id='word_1_237' title='bbox 170 1548 385 1584; x_wconf 89' lang='lat' dir='ltr'>Ordinibus</span> <span class='ocrx_word' id='word_1_238' title='bbox 406 1548 626 1593; x_wconf 77' lang='lat' dir='ltr'>religiosis:</span> <span class='ocrx_word' id='word_1_239' title='bbox 657 1550 693 1582; x_wconf 90' lang='lat' dir='ltr'>et</span> <span class='ocrx_word' id='word_1_240' title='bbox 713 1547 823 1582; x_wconf 87' lang='lat' dir='ltr'>addit</span> <span class='ocrx_word' id='word_1_241' title='bbox 845 1546 996 1591; x_wconf 90' lang='lat' dir='ltr'>aliquid</span> <span class='ocrx_word' id='word_1_242' title='bbox 1017 1546 1299 1581; x_wconf 75' lang='lat' dir='ltr'>satisfactionis</span> <span class='ocrx_word' id='word_1_243' title='bbox 1326 1556 1447 1592; x_wconf 88' lang='lat' dir='ltr'>supra</span> <span class='ocrx_word' id='word_1_244' title='bbox 1473 1547 1747 1583; x_wconf 87' lang='lat' dir='ltr'>communione</span> <span class='ocrx_word' id='word_1_245' title='bbox 1768 1557 1881 1582; x_wconf 87' lang='lat' dir='ltr'>sanc-</span> 
     </span>
     <span class='ocr_line' id='line_1_31' title="bbox 171 1606 1882 1653; baseline -0.001 -9"><span class='ocrx_word' id='word_1_246' title='bbox 171 1611 301 1644; x_wconf 90' lang='lat' dir='ltr'>torum</span> <span class='ocrx_word' id='word_1_247' title='bbox 325 1622 343 1640; x_wconf 66' lang='grc' dir='ltr'>η</span> <span class='ocrx_word' id='word_1_248' title='bbox 366 1608 419 1653; x_wconf 76' lang='lat' dir='ltr'>(a.</span> <span class='ocrx_word' id='word_1_249' title='bbox 448 1607 578 1652; x_wconf 91' lang='lat'>1648).</span> <span class='ocrx_word' id='word_1_250' title='bbox 614 1607 757 1642; x_wconf 88' lang='lat' dir='ltr'>Omnes</span> <span class='ocrx_word' id='word_1_251' title='bbox 788 1609 919 1641; x_wconf 91' lang='lat' dir='ltr'>tamen</span> <span class='ocrx_word' id='word_1_252' title='bbox 949 1606 1221 1641; x_wconf 81' lang='lat' dir='ltr'>Benetactores</span> <span class='ocrx_word' id='word_1_253' title='bbox 1248 1616 1319 1652; x_wconf 91' lang='lat' dir='ltr'>pro</span> <span class='ocrx_word' id='word_1_254' title='bbox 1349 1607 1501 1642; x_wconf 88' lang='lat' dir='ltr'>ratione</span> <span class='ocrx_word' id='word_1_255' title='bbox 1531 1607 1811 1642; x_wconf 89' lang='lat' dir='ltr'>beneficiorum</span> <span class='ocrx_word' id='word_1_256' title='bbox 1840 1606 1882 1642; x_wconf 91' lang='lat' dir='ltr'>in</span> 
     </span>
     <span class='ocr_line' id='line_1_32' title="bbox 171 1665 1523 1715; baseline -0.001 -12"><span class='ocrx_word' id='word_1_257' title='bbox 171 1667 323 1703; x_wconf 88' lang='lat' dir='ltr'>meritis</span> <span class='ocrx_word' id='word_1_258' title='bbox 345 1667 586 1713; x_wconf 86' lang='lat' dir='ltr'>participant</span> <span class='ocrx_word' id='word_1_259' title='bbox 607 1667 657 1715; x_wconf 59' lang='grc' dir='ltr'>(α.</span> <span class='ocrx_word' id='word_1_260' title='bbox 687 1665 801 1708; x_wconf 88' lang='grc'>1598,</span> <span class='ocrx_word' id='word_1_261' title='bbox 828 1665 958 1711; x_wconf 84' lang='grc'>1639).</span> <span class='ocrx_word' id='word_1_262' title='bbox 983 1665 1041 1700; x_wconf 80' lang='lat' dir='ltr'>Ct.</span> <span class='ocrx_word' id='word_1_263' title='bbox 1066 1665 1200 1711; x_wconf 90' lang='lat' dir='ltr'>Comp.</span> <span class='ocrx_word' id='word_1_264' title='bbox 1225 1665 1347 1708; x_wconf 88' lang='lat' dir='ltr'>Priv.,</span> <span class='ocrx_word' id='word_1_265' title='bbox 1368 1676 1406 1702; x_wconf 90' lang='lat' dir='ltr'>n.</span> <span class='ocrx_word' id='word_1_266' title='bbox 1431 1666 1523 1702; x_wconf 76' lang='lat'>289.</span> 
     </span>
    </p>
   </div>
   <div class='ocr_carea' id='block_1_11' title="bbox 170 1742 1885 2566">
    <p class='ocr_par' dir='ltr' id='par_1_11' title="bbox 170 1742 1884 2030">
     <span class='ocr_line' id='line_1_33' title="bbox 225 1742 1880 1789; baseline -0.001 -9"><span class='ocrx_word' id='word_1_267' title='bbox 225 1742 240 1769; x_wconf 88' lang='lat'><strong>3</strong></span> <span class='ocrx_word' id='word_1_268' title='bbox 261 1745 301 1781; x_wconf 90' lang='lat' dir='ltr'>Si</span> <span class='ocrx_word' id='word_1_269' title='bbox 323 1745 566 1780; x_wconf 88' lang='lat' dir='ltr'>Fundatores</span> <span class='ocrx_word' id='word_1_270' title='bbox 588 1743 907 1779; x_wconf 87' lang='lat' dir='ltr'>anniversarium</span> <span class='ocrx_word' id='word_1_271' title='bbox 922 1743 963 1777; x_wconf 92' lang='lat' dir='ltr'>in</span> <span class='ocrx_word' id='word_1_272' title='bbox 978 1746 1114 1778; x_wconf 89' lang='lat' dir='ltr'>nostra</span> <span class='ocrx_word' id='word_1_273' title='bbox 1133 1742 1303 1778; x_wconf 88' lang='lat' dir='ltr'>Ecclesia</span> <span class='ocrx_word' id='word_1_274' title='bbox 1321 1744 1590 1789; x_wconf 87' lang='lat' dir='ltr'>peragendum</span> <span class='ocrx_word' id='word_1_275' title='bbox 1610 1744 1880 1787; x_wconf 82' lang='lat' dir='ltr'>fundaverint,</span> 
     </span>
     <span class='ocr_line' id='line_1_34' title="bbox 172 1802 1883 1849; baseline -0.001 -9"><span class='ocrx_word' id='word_1_276' title='bbox 172 1805 366 1841; x_wconf 89' lang='lat' dir='ltr'>Fundatio</span> <span class='ocrx_word' id='word_1_277' title='bbox 387 1805 428 1839; x_wconf 92' lang='lat' dir='ltr'>in</span> <span class='ocrx_word' id='word_1_278' title='bbox 449 1804 526 1839; x_wconf 88' lang='lat' dir='ltr'>alia</span> <span class='ocrx_word' id='word_1_279' title='bbox 556 1803 729 1839; x_wconf 87' lang='lat' dir='ltr'>Ecclesia</span> <span class='ocrx_word' id='word_1_280' title='bbox 757 1803 1007 1845; x_wconf 88' lang='lat' dir='ltr'>instituatur,</span> <span class='ocrx_word' id='word_1_281' title='bbox 1038 1803 1151 1848; x_wconf 88' lang='lat' dir='ltr'>cujus</span> <span class='ocrx_word' id='word_1_282' title='bbox 1173 1802 1339 1838; x_wconf 81' lang='lat' dir='ltr'>clericus</span> <span class='ocrx_word' id='word_1_283' title='bbox 1360 1803 1532 1838; x_wconf 86' lang='lat' dir='ltr'>officium</span> <span class='ocrx_word' id='word_1_284' title='bbox 1559 1806 1734 1849; x_wconf 89' lang='lat' dir='ltr'>peragat,</span> <span class='ocrx_word' id='word_1_285' title='bbox 1765 1803 1820 1839; x_wconf 88' lang='lat' dir='ltr'>ita</span> <span class='ocrx_word' id='word_1_286' title='bbox 1840 1806 1883 1839; x_wconf 90' lang='lat' dir='ltr'>ut</span> 
     </span>
     <span class='ocr_line' id='line_1_35' title="bbox 170 1858 1883 1912; baseline -0.001 -12"><span class='ocrx_word' id='word_1_287' title='bbox 170 1867 352 1900; x_wconf 88' lang='lat' dir='ltr'>nostrum</span> <span class='ocrx_word' id='word_1_288' title='bbox 384 1864 434 1899; x_wconf 91' lang='lat' dir='ltr'>sit</span> <span class='ocrx_word' id='word_1_289' title='bbox 466 1865 622 1899; x_wconf 90' lang='lat' dir='ltr'>tantum</span> <span class='ocrx_word' id='word_1_290' title='bbox 656 1862 868 1898; x_wconf 88' lang='lat' dir='ltr'>Ecclesiam</span> <span class='ocrx_word' id='word_1_291' title='bbox 902 1862 1197 1897; x_wconf 86' lang='lat' dir='ltr'>accommodare</span> <span class='ocrx_word' id='word_1_292' title='bbox 1229 1858 1279 1911; x_wconf 79' lang='lat' dir='ltr'>(a.</span> <span class='ocrx_word' id='word_1_293' title='bbox 1316 1861 1431 1905; x_wconf 90' lang='lat'>1606,</span> <span class='ocrx_word' id='word_1_294' title='bbox 1471 1860 1598 1912; x_wconf 88' lang='lat'>1630).</span> <span class='ocrx_word' id='word_1_295' title='bbox 1642 1862 1883 1898; x_wconf 88' lang='lat' dir='ltr'>Permissum</span> 
     </span>
     <span class='ocr_line' id='line_1_36' title="bbox 172 1921 1884 1968; baseline -0.001 -8"><span class='ocrx_word' id='word_1_296' title='bbox 172 1927 304 1960; x_wconf 89' lang='lat' dir='ltr'>tamen</span> <span class='ocrx_word' id='word_1_297' title='bbox 325 1926 384 1959; x_wconf 89' lang='lat' dir='ltr'>est</span> <span class='ocrx_word' id='word_1_298' title='bbox 405 1926 446 1959; x_wconf 90' lang='lat' dir='ltr'>ut</span> <span class='ocrx_word' id='word_1_299' title='bbox 469 1923 712 1968; x_wconf 86' lang='lat' dir='ltr'>recipiantur</span> <span class='ocrx_word' id='word_1_300' title='bbox 732 1921 853 1964; x_wconf 88' lang='lat'>3,000</span> <span class='ocrx_word' id='word_1_301' title='bbox 882 1921 1114 1956; x_wconf 85' lang='lat' dir='ltr'>florinorum</span> <span class='ocrx_word' id='word_1_302' title='bbox 1134 1922 1185 1957; x_wconf 88' lang='lat' dir='ltr'>ad</span> <span class='ocrx_word' id='word_1_303' title='bbox 1203 1921 1309 1957; x_wconf 87' lang='lat' dir='ltr'>hunc</span> <span class='ocrx_word' id='word_1_304' title='bbox 1333 1921 1451 1957; x_wconf 85' lang='lat' dir='ltr'>finem</span> <span class='ocrx_word' id='word_1_305' title='bbox 1472 1925 1515 1957; x_wconf 90' lang='lat' dir='ltr'>ut</span> <span class='ocrx_word' id='word_1_306' title='bbox 1537 1922 1750 1967; x_wconf 90' lang='lat' dir='ltr'>quotannis</span> <span class='ocrx_word' id='word_1_307' title='bbox 1770 1922 1884 1958; x_wconf 90' lang='lat' dir='ltr'>anni-</span> 
     </span>
     <span class='ocr_line' id='line_1_37' title="bbox 171 1979 1518 2030; baseline -0.002 -10"><span class='ocrx_word' id='word_1_308' title='bbox 171 1983 349 2020; x_wconf 83' lang='lat' dir='ltr'>versaria</span> <span class='ocrx_word' id='word_1_309' title='bbox 368 1983 491 2018; x_wconf 90' lang='lat' dir='ltr'>missa</span> <span class='ocrx_word' id='word_1_310' title='bbox 510 1983 679 2028; x_wconf 87' lang='lat' dir='ltr'>legatur,</span> <span class='ocrx_word' id='word_1_311' title='bbox 705 1982 773 2017; x_wconf 88' lang='lat' dir='ltr'>sed</span> <span class='ocrx_word' id='word_1_312' title='bbox 793 1982 879 2017; x_wconf 88' lang='lat' dir='ltr'>sine</span> <span class='ocrx_word' id='word_1_313' title='bbox 899 1981 1141 2027; x_wconf 83' lang='lat' dir='ltr'>obligatione</span> <span class='ocrx_word' id='word_1_314' title='bbox 1158 1981 1286 2027; x_wconf 88' lang='lat' dir='ltr'>rigida</span> <span class='ocrx_word' id='word_1_315' title='bbox 1308 1979 1358 2030; x_wconf 83' lang='lat' dir='ltr'>(a.</span> <span class='ocrx_word' id='word_1_316' title='bbox 1386 1981 1518 2028; x_wconf 84' lang='lat'>1633).</span> 
     </span>
    </p>

    <p class='ocr_par' dir='ltr' id='par_1_12' title="bbox 171 2040 1885 2448">
     <span class='ocr_line' id='line_1_38' title="bbox 226 2040 1883 2088; baseline -0.001 -10"><span class='ocrx_word' id='word_1_317' title='bbox 226 2043 266 2079; x_wconf 91' lang='lat' dir='ltr'>Si</span> <span class='ocrx_word' id='word_1_318' title='bbox 281 2042 454 2088; x_wconf 89' lang='lat' dir='ltr'>insignis</span> <span class='ocrx_word' id='word_1_319' title='bbox 475 2041 718 2084; x_wconf 80' lang='lat' dir='ltr'>Benefactor,</span> <span class='ocrx_word' id='word_1_320' title='bbox 741 2041 782 2076; x_wconf 91' lang='lat' dir='ltr'>in</span> <span class='ocrx_word' id='word_1_321' title='bbox 803 2041 986 2076; x_wconf 88' lang='lat' dir='ltr'>morbum</span> <span class='ocrx_word' id='word_1_322' title='bbox 1017 2040 1211 2083; x_wconf 90' lang='lat' dir='ltr'>incidens,</span> <span class='ocrx_word' id='word_1_323' title='bbox 1235 2041 1277 2075; x_wconf 88' lang='lat' dir='ltr'>in</span> <span class='ocrx_word' id='word_1_324' title='bbox 1298 2044 1433 2077; x_wconf 91' lang='lat' dir='ltr'>nostro</span> <span class='ocrx_word' id='word_1_325' title='bbox 1463 2041 1633 2088; x_wconf 84' lang='lat' dir='ltr'>Collegio</span> <span class='ocrx_word' id='word_1_326' title='bbox 1650 2042 1781 2077; x_wconf 90' lang='lat' dir='ltr'>curari</span> <span class='ocrx_word' id='word_1_327' title='bbox 1805 2042 1883 2077; x_wconf 90' lang='lat' dir='ltr'>vel-</span> 
     </span>
     <span class='ocr_line' id='line_1_39' title="bbox 172 2098 1884 2151; baseline -0.002 -12"><span class='ocrx_word' id='word_1_328' title='bbox 172 2103 241 2147; x_wconf 87' lang='lat' dir='ltr'>let,</span> <span class='ocrx_word' id='word_1_329' title='bbox 274 2112 418 2148; x_wconf 85' lang='lat' dir='ltr'>magno</span> <span class='ocrx_word' id='word_1_330' title='bbox 449 2101 582 2137; x_wconf 89' lang='lat' dir='ltr'>studio</span> <span class='ocrx_word' id='word_1_331' title='bbox 609 2103 646 2136; x_wconf 89' lang='lat' dir='ltr'>et</span> <span class='ocrx_word' id='word_1_332' title='bbox 676 2100 935 2146; x_wconf 85' lang='lat' dir='ltr'>gratitudinis</span> <span class='ocrx_word' id='word_1_333' title='bbox 956 2102 1189 2146; x_wconf 82' lang='lat' dir='ltr'>argumento</span> <span class='ocrx_word' id='word_1_334' title='bbox 1216 2100 1418 2136; x_wconf 87' lang='lat' dir='ltr'>curandus</span> <span class='ocrx_word' id='word_1_335' title='bbox 1451 2104 1554 2136; x_wconf 87' lang='lat' dir='ltr'>esset</span> <span class='ocrx_word' id='word_1_336' title='bbox 1581 2098 1632 2150; x_wconf 80' lang='lat' dir='ltr'>(a.</span> <span class='ocrx_word' id='word_1_337' title='bbox 1659 2099 1788 2151; x_wconf 88' lang='lat'>1601).</span> <span class='ocrx_word' id='word_1_338' title='bbox 1812 2102 1884 2137; x_wconf 90' lang='lat' dir='ltr'>Pro</span> 
     </span>
     <span class='ocr_line' id='line_1_40' title="bbox 172 2157 1884 2209; baseline -0.001 -11"><span class='ocrx_word' id='word_1_339' title='bbox 172 2162 425 2198; x_wconf 82' lang='lat' dir='ltr'>Beneiactore</span> <span class='ocrx_word' id='word_1_340' title='bbox 443 2161 510 2207; x_wconf 90' lang='lat' dir='ltr'>qui</span> <span class='ocrx_word' id='word_1_341' title='bbox 532 2160 714 2197; x_wconf 88' lang='lat' dir='ltr'>Societati</span> <span class='ocrx_word' id='word_1_342' title='bbox 736 2161 842 2196; x_wconf 91' lang='lat' dir='ltr'>ultra</span> <span class='ocrx_word' id='word_1_343' title='bbox 867 2159 1012 2203; x_wconf 88' lang='lat'>10,000</span> <span class='ocrx_word' id='word_1_344' title='bbox 1032 2162 1235 2195; x_wconf 84' lang='lat' dir='ltr'>scutorum</span> <span class='ocrx_word' id='word_1_345' title='bbox 1254 2157 1517 2208; x_wconf 83' lang='lat' dir='ltr'>(Montalbani</span> <span class='ocrx_word' id='word_1_346' title='bbox 1538 2160 1578 2195; x_wconf 92' lang='lat' dir='ltr'>in</span> <span class='ocrx_word' id='word_1_347' title='bbox 1600 2158 1739 2209; x_wconf 89' lang='lat' dir='ltr'>Gallia)</span> <span class='ocrx_word' id='word_1_348' title='bbox 1769 2161 1884 2197; x_wconf 90' lang='lat' dir='ltr'>dede-</span> 
     </span>
     <span class='ocr_line' id='line_1_41' title="bbox 171 2219 1885 2267; baseline -0.001 -10"><span class='ocrx_word' id='word_1_349' title='bbox 171 2225 248 2265; x_wconf 87' lang='lat' dir='ltr'>rat,</span> <span class='ocrx_word' id='word_1_350' title='bbox 269 2221 387 2267; x_wconf 84' lang='lat' dir='ltr'>jussit</span> <span class='ocrx_word' id='word_1_351' title='bbox 407 2221 521 2256; x_wconf 86' lang='lat' dir='ltr'>Pater</span> <span class='ocrx_word' id='word_1_352' title='bbox 538 2220 676 2256; x_wconf 90' lang='lat' dir='ltr'>Noster</span> <span class='ocrx_word' id='word_1_353' title='bbox 693 2220 815 2256; x_wconf 89' lang='lat' dir='ltr'>indici</span> <span class='ocrx_word' id='word_1_354' title='bbox 836 2219 1027 2265; x_wconf 74' lang='lat' dir='ltr'>suth-agia</span> <span class='ocrx_word' id='word_1_355' title='bbox 1048 2219 1088 2254; x_wconf 91' lang='lat' dir='ltr'>in</span> <span class='ocrx_word' id='word_1_356' title='bbox 1110 2219 1364 2263; x_wconf 87' lang='lat' dir='ltr'>Assistentia,</span> <span class='ocrx_word' id='word_1_357' title='bbox 1394 2220 1434 2255; x_wconf 91' lang='lat' dir='ltr'>in</span> <span class='ocrx_word' id='word_1_358' title='bbox 1456 2220 1661 2255; x_wconf 86' lang='lat' dir='ltr'>Provincia</span> <span class='ocrx_word' id='word_1_359' title='bbox 1681 2223 1719 2256; x_wconf 84' lang='lat' dir='ltr'>et</span> <span class='ocrx_word' id='word_1_360' title='bbox 1738 2221 1779 2255; x_wconf 92' lang='lat' dir='ltr'>in</span> <span class='ocrx_word' id='word_1_361' title='bbox 1799 2220 1885 2256; x_wconf 88' lang='lat' dir='ltr'>Col-</span> 
     </span>
     <span class='ocr_line' id='line_1_42' title="bbox 171 2276 1885 2331; baseline -0.001 -14"><span class='ocrx_word' id='word_1_362' title='bbox 171 2281 274 2327; x_wconf 83' lang='lat' dir='ltr'>legio</span> <span class='ocrx_word' id='word_1_363' title='bbox 297 2278 348 2331; x_wconf 83' lang='lat' dir='ltr'>(a.</span> <span class='ocrx_word' id='word_1_364' title='bbox 373 2276 504 2330; x_wconf 87' lang='lat'>1644).</span> <span class='ocrx_word' id='word_1_365' title='bbox 528 2280 623 2316; x_wconf 85' lang='lat' dir='ltr'>Duci</span> <span class='ocrx_word' id='word_1_366' title='bbox 645 2280 693 2316; x_wconf 89' lang='lat' dir='ltr'>de</span> <span class='ocrx_word' id='word_1_367' title='bbox 712 2279 883 2323; x_wconf 87' lang='lat' dir='ltr'>Medina,</span> <span class='ocrx_word' id='word_1_368' title='bbox 907 2279 1124 2314; x_wconf 90' lang='lat' dir='ltr'>Fundatori</span> <span class='ocrx_word' id='word_1_369' title='bbox 1144 2279 1264 2314; x_wconf 89' lang='lat' dir='ltr'>unius</span> <span class='ocrx_word' id='word_1_370' title='bbox 1285 2278 1445 2325; x_wconf 87' lang='lat' dir='ltr'>Collegii</span> <span class='ocrx_word' id='word_1_371' title='bbox 1468 2282 1505 2315; x_wconf 89' lang='lat' dir='ltr'>et</span> <span class='ocrx_word' id='word_1_372' title='bbox 1531 2282 1795 2325; x_wconf 88' lang='lat' dir='ltr'>proventuum</span> <span class='ocrx_word' id='word_1_373' title='bbox 1814 2290 1885 2326; x_wconf 92' lang='lat' dir='ltr'>pro</span> 
     </span>
     <span class='ocr_line' id='line_1_43' title="bbox 174 2338 1884 2386; baseline -0.001 -10"><span class='ocrx_word' id='word_1_374' title='bbox 174 2340 482 2386; x_wconf 85' lang='lat' dir='ltr'>Congregatione</span> <span class='ocrx_word' id='word_1_375' title='bbox 499 2339 732 2385; x_wconf 86' lang='lat' dir='ltr'>provinciali</span> <span class='ocrx_word' id='word_1_376' title='bbox 752 2341 790 2374; x_wconf 88' lang='lat' dir='ltr'>et</span> <span class='ocrx_word' id='word_1_377' title='bbox 810 2339 1128 2381; x_wconf 88' lang='lat' dir='ltr'>Procuratorum,</span> <span class='ocrx_word' id='word_1_378' title='bbox 1152 2338 1270 2374; x_wconf 89' lang='lat' dir='ltr'>datus</span> <span class='ocrx_word' id='word_1_379' title='bbox 1295 2341 1354 2374; x_wconf 89' lang='lat' dir='ltr'>est</span> <span class='ocrx_word' id='word_1_380' title='bbox 1378 2339 1519 2374; x_wconf 88' lang='lat' dir='ltr'>titulus</span> <span class='ocrx_word' id='word_1_381' title='bbox 1540 2339 1699 2375; x_wconf 90' lang='lat' dir='ltr'>Patroni</span> <span class='ocrx_word' id='word_1_382' title='bbox 1724 2339 1884 2375; x_wconf 90' lang='lat' dir='ltr'>Provin-</span> 
     </span>
     <span class='ocr_line' id='line_1_44' title="bbox 174 2394 1806 2448; baseline -0.001 -13"><span class='ocrx_word' id='word_1_383' title='bbox 174 2400 243 2436; x_wconf 85' lang='lat' dir='ltr'>ciae</span> <span class='ocrx_word' id='word_1_384' title='bbox 260 2400 425 2445; x_wconf 87' lang='lat' dir='ltr'>(absque</span> <span class='ocrx_word' id='word_1_385' title='bbox 443 2395 730 2448; x_wconf 83' lang='lat' dir='ltr'>jurisdictione)</span> <span class='ocrx_word' id='word_1_386' title='bbox 753 2408 842 2433; x_wconf 89' lang='lat' dir='ltr'>cum</span> <span class='ocrx_word' id='word_1_387' title='bbox 863 2398 1047 2433; x_wconf 91' lang='lat' dir='ltr'>omnibus</span> <span class='ocrx_word' id='word_1_388' title='bbox 1069 2397 1287 2443; x_wconf 87' lang='lat' dir='ltr'>privilegiis</span> <span class='ocrx_word' id='word_1_389' title='bbox 1309 2398 1577 2434; x_wconf 85' lang='lat' dir='ltr'>Fundatorum</span> <span class='ocrx_word' id='word_1_390' title='bbox 1601 2394 1651 2446; x_wconf 85' lang='lat' dir='ltr'>(a.</span> <span class='ocrx_word' id='word_1_391' title='bbox 1676 2394 1806 2446; x_wconf 88' lang='lat'>1640).</span> 
     </span>
    </p>

    <p class='ocr_par' dir='ltr' id='par_1_13' title="bbox 174 2457 1884 2566">
     <span class='ocr_line' id='line_1_45' title="bbox 227 2457 1884 2504; baseline -0.001 -10"><span class='ocrx_word' id='word_1_392' title='bbox 227 2460 271 2495; x_wconf 93' lang='lat' dir='ltr'>ln</span> <span class='ocrx_word' id='word_1_393' title='bbox 289 2458 472 2504; x_wconf 85' lang='lat' dir='ltr'>Collegiis</span> <span class='ocrx_word' id='word_1_394' title='bbox 497 2458 656 2504; x_wconf 89' lang='lat' dir='ltr'>proprio</span> <span class='ocrx_word' id='word_1_395' title='bbox 684 2458 906 2493; x_wconf 86' lang='lat' dir='ltr'>Fundatore</span> <span class='ocrx_word' id='word_1_396' title='bbox 926 2457 1128 2493; x_wconf 88' lang='lat' dir='ltr'>destitutis</span> <span class='ocrx_word' id='word_1_397' title='bbox 1157 2457 1260 2493; x_wconf 87' lang='lat' dir='ltr'>fiunt</span> <span class='ocrx_word' id='word_1_398' title='bbox 1281 2460 1468 2493; x_wconf 86' lang='lat' dir='ltr'>consueta</span> <span class='ocrx_word' id='word_1_399' title='bbox 1489 2457 1678 2504; x_wconf 73' lang='lat' dir='ltr'>suffragia</span> <span class='ocrx_word' id='word_1_400' title='bbox 1695 2460 1733 2493; x_wconf 86' lang='lat' dir='ltr'>et</span> <span class='ocrx_word' id='word_1_401' title='bbox 1759 2458 1884 2504; x_wconf 86' lang='lat' dir='ltr'>appli-</span> 
     </span>
     <span class='ocr_line' id='line_1_46' title="bbox 174 2514 1306 2566; baseline -0.003 -11"><span class='ocrx_word' id='word_1_402' title='bbox 174 2521 316 2555; x_wconf 88' lang='lat' dir='ltr'>cantur</span> <span class='ocrx_word' id='word_1_403' title='bbox 335 2518 385 2554; x_wconf 89' lang='grc'>115</span> <span class='ocrx_word' id='word_1_404' title='bbox 403 2517 470 2564; x_wconf 90' lang='lat' dir='ltr'>qui</span> <span class='ocrx_word' id='word_1_405' title='bbox 491 2517 778 2554; x_wconf 88' lang='lat' dir='ltr'>Fundationem</span> <span class='ocrx_word' id='word_1_406' title='bbox 797 2517 988 2563; x_wconf 82' lang='lat' dir='ltr'>juvarunt</span> <span class='ocrx_word' id='word_1_407' title='bbox 1009 2515 1060 2563; x_wconf 86' lang='lat' dir='ltr'>(b.</span> <span class='ocrx_word' id='word_1_408' title='bbox 1087 2515 1202 2560; x_wconf 85' lang='lat'>1679,</span> <span class='ocrx_word' id='word_1_409' title='bbox 1226 2514 1306 2566; x_wconf 83' lang='lat'>††).</span> 
     </span>
    </p>
   </div>
   <div class='ocr_carea' id='block_1_12' title="bbox 1931 844 1986 872">
    <p class='ocr_par' dir='ltr' id='par_1_14' title="bbox 1931 844 1986 872">
     <span class='ocr_line' id='line_1_47' title="bbox 1931 844 1986 872; baseline 0.018 -1"><span class='ocrx_word' id='word_1_410' title='bbox 1931 844 1986 872; x_wconf 80' lang='lat'>460</span> 
     </span>
    </p>
   </div>
  </div>
 </body>
</html>
