2145 3366
273 228 352 267 450
992 236 1104 264 mus
1135 236 1261 264 NoNA

272 417 321 452 ad
342 417 444 452 bona
474 416 632 452 stabilia
662 416 926 462 comparanda
952 429 966 449 »
992 412 1047 463 (α.
1078 414 1208 464 1620).
1233 415 1400 451 Pecunia
1431 425 1522 451 vero
1550 425 1598 451 ex
1626 426 1781 452 summa
1811 416 1971 462 capitali

272 476 469 519 restituta,
494 476 526 511 si
544 476 594 511 ad
615 475 723 511 aliud
745 475 891 511 bonum
913 475 1054 510 stabile
1076 475 1285 510 emendum
1307 484 1385 510 non
1410 475 1642 520 applicetur,
1667 475 1708 510 in
1728 485 1828 511 novo
1849 485 1969 511 censu

272 536 534 581 comparando
555 535 820 581 impendatur,
844 545 923 570 non
942 534 991 570 ad
1012 533 1110 569 alios
1129 543 1249 577 usus;
1273 544 1321 569 ne
1341 534 1492 580 aliquid
1514 534 1561 570 de
1582 534 1743 580 Collegii
1771 535 1860 570 dote
1881 544 1969 570 cum

271 595 441 631 evidenti
462 595 547 641 ejus
571 596 714 630 damno
735 597 867 640 pereat
886 590 941 642 (α.
972 590 1101 642 1618).
1130 606 1144 626 «
1168 593 1317 629 Census
1335 593 1402 640 qui
1423 594 1637 639 aliquando
1657 595 1902 630 obvenerunt
1923 604 1970 630 ex

271 654 445 700 legitima
464 655 643 690 Fratrum
665 656 905 696 nostrorum,
924 663 1002 689 non
1018 655 1110 689 sunt
1125 653 1404 699 exstinguendi
1420 656 1462 689 ut
1477 663 1611 689 eorum
1633 663 1789 689 summa
1810 653 1969 699 capitali

270 714 400 750 debita
422 714 650 757 solvantur;
675 713 756 751 sed.
781 723 936 749 summa
957 712 1033 749 ista
1055 715 1223 748 servata.
1255 713 1407 749 tructus
1428 723 1563 749 eorum
1593 713 1737 749 debitis
1769 713 1968 749 solvendis

270 773 494 820 applicandi
520 786 534 806 »
559 770 612 822 (α.
642 770 775 821 1621).
800 772 882 808 Non
903 775 962 808 est
983 772 1292 818 permittendum
1311 775 1354 808 ut
1380 772 1541 818 aliquod
1564 772 1779 819 Collegium
1800 783 1870 819 pro
1893 772 1970 808 alio

270 833 480 879 fidejubeat
498 830 550 882 (b.
575 833 636 879 ††‚
663 830 795 881 1584).
824 845 837 865 «
865 832 1034 878 Collegia
1055 834 1247 867 eteorum
1273 832 1373 867 bona
1400 842 1479 868 non
1510 835 1664 869 tantum
1694 843 1773 868 non
1803 834 1969 878 possunt

269 893 435 939 obligari
451 903 519 938 pro
534 892 806 936 saecularibus,
825 892 891 928 sed
907 902 955 928 ne
973 892 1131 938 quidem
1149 901 1219 937 pro
1233 891 1323 927 aliis
1341 891 1523 938 Collegiis
1541 892 1717 938 ejusdem
1738 892 1966 937 Provinciae,

270 953 362 999 quia
383 953 454 988 hoc
474 955 576 988 esset
597 961 689 987 vera
709 951 894 987 alienatio
920 964 934 984 »
958 948 1009 1001 (a.
1032 948 1164 1000 1789).
1186 964 1201 984 «
1227 951 1309 986 Non
1330 954 1389 987 est
1408 962 1502 987 meze
1523 952 1729 998 potestatis
1748 952 1970 988 condonare

270 1013 421 1048 tructus
448 1022 637 1048 censuum
658 1021 756 1057 quos
776 1021 900 1047 unum
919 1010 1134 1057 Collegium
1161 1011 1275 1047 debet
1299 1011 1388 1047 aliis
1413 1024 1427 1044 »
1454 1007 1510 1060 (a.
1538 1009 1671 1060 1649).
1696 1011 1845 1048 Census
1867 1012 1969 1048 inter

269 1075 405 1108 nostra
438 1071 608 1117 Collegia
640 1081 719 1107 non
749 1081 816 1117 per
848 1071 1025 1117 privatas
1059 1070 1282 1114 schedulas,
1308 1071 1375 1107 sed
1410 1081 1478 1117 per
1511 1071 1669 1117 publica
1703 1071 1970 1108 instrumenta

270 1132 563 1168 constituantur
585 1128 640 1179 (a.
671 1128 805 1179 1603).

322 1191 394 1227 Ubi
428 1191 664 1237 permutatio
696 1191 780 1226 fieri
812 1201 891 1226 non
927 1190 1052 1236 possit
1085 1189 1170 1226 sine
1208 1190 1458 1234 alleuatione,
1499 1191 1716 1237 requiritur
1754 1201 1969 1229 consensus

268 1251 466 1287 Pontificis
489 1248 545 1299 (a.
572 1249 702 1299 1627).
728 1251 824 1286 Item
853 1264 867 1282 «
892 1250 1082 1286 nonlicet
1114 1250 1198 1286 sine
1228 1250 1268 1285 P.
1293 1250 1337 1286 N.
1368 1261 1562 1287 consensu
1597 1251 1766 1298 Collegio
1796 1252 1972 1298 accipere

268 1311 454 1356 pecunias
483 1311 533 1346 ad
563 1320 738 1353 censum,
768 1310 1005 1356 imponendo
1035 1310 1148 1346 illum
1179 1308 1297 1356 Super
1328 1310 1442 1346 bonis
1472 1310 1642 1357 alicujus
1672 1312 1788 1348 amici
1817 1312 1970 1348 externi

268 1374 305 1406 et
325 1371 535 1415 obligando
554 1371 654 1406 bona
674 1370 834 1416 Collegii
860 1370 952 1405 huic
971 1372 1155 1413 externo3
1180 1370 1273 1415 quia
1294 1372 1353 1405 est
1373 1371 1508 1406 eodem
1531 1371 1646 1407 modo
1664 1372 1851 1408 alienatio
1872 1382 1916 1408 ac
1937 1372 1970 1408 si

268 1440 386 1476 super
404 1430 517 1466 honis
535 1430 695 1476 Collegii
710 1440 851 1466 census
873 1429 1141 1476 imponeretur
1166 1442 1180 1463 υ
1206 1426 1261 1479 (α.
1292 1428 1423 1479 1587).
1448 1430 1505 1466 Cf.
1527 1441 1566 1466 n.
1584 1431 1674 1466 512.

319 1505 335 1531 3
356 1508 426 1543 Per
447 1518 488 1543 se
514 1508 618 1554 leges
640 1508 687 1544 de
707 1507 944 1544 alienatione
970 1507 1154 1554 vigebant
1177 1517 1246 1553 pro
1267 1507 1419 1553 Europa
1447 1511 1626 1552 tanturm
1659 1509 1736 1545 imo
1757 1509 1880 1546 Bouix
1903 1507 1969 1558 (De

261 1567 351 1613 jure
378 1567 648 1614 Reyularium,
673 1568 713 1603 P.
738 1579 775 1603 v.
801 1578 833 1603 s.
865 1565 922 1616 4.)
950 1567 1090 1613 probat
1120 1570 1231 1602 extra
1260 1567 1414 1603 Italiam
1446 1567 1724 1604 alienationem
1755 1569 1967 1605 fundorum

267 1627 528 1673 Regularibus
558 1638 631 1663 usu
665 1627 941 1663 immemoriali
972 1626 1161 1672 permitti.
1198 1626 1477 1670 Nihilominus,
1512 1631 1599 1673 post
1640 1628 1969 1666 Constitutionem

268 1688 322 1722 Pii
343 1688 391 1722 lx
411 1688 640 1735 Apostolicoe
659 1687 784 1730 Sedis,
807 1690 938 1723 censet
956 1686 1089 1732 Comp.
1114 1686 1236 1728 Priv.,
1258 1697 1297 1721 n.
1319 1686 1382 1729 22,
1410 1687 1451 1722 in
1472 1687 1639 1733 Europa,
1664 1691 1700 1723 et
1719 1688 1837 1724 etiam
1859 1693 1971 1724 extra

268 1747 475 1792 Europam,
508 1758 580 1783 nos
610 1748 725 1783 hodie
754 1747 921 1793 obligari
951 1746 1012 1781 his
1041 1746 1088 1781 de
1114 1745 1323 1781 alienando
1355 1746 1522 1792 legibus.
1554 1747 1604 1783 At
1633 1750 1739 1793 patet
1770 1748 1970 1784 licentiam

268 1806 306 1842 S.
331 1807 442 1842 Sedis
465 1818 543 1842 non
574 1808 651 1843 alia
680 1808 743 1843 vla
770 1807 1049 1853 postulandam
1077 1815 1162 1841 esse
1183 1815 1301 1851 quam
1329 1816 1397 1851 per
1425 1806 1682 1852 Praepositum
1709 1808 1931 1853 generalem
1957 1820 1964 1844 ε

271 1879 285 1898 «
312 1866 354 1901 11³
370 1867 426 1909 W,
450 1868 607 1903 nomine
625 1870 758 1902 nostro
778 1877 910 1902 severe
926 1866 1073 1901 monito
1092 1865 1159 1900 illo
1177 1865 1351 1908 Rectore,
1371 1866 1540 1902 declaret
1557 1867 1831 1912 subreptitiam
1849 1871 1967 1914 atque

266 1926 419 1962 irritam
441 1928 522 1963 iore
541 1938 695 1962 omnem
716 1927 915 1962 licentiam
931 1936 952 1961 a
969 1926 1065 1961 Sede
1086 1925 1310 1970 Apostolica
1332 1926 1531 1961 alienandi
1553 1927 1655 1962 hona
1676 1927 1836 1972 Collegii
1853 1928 1968 1964 nobis
2016 1973 2019 1977 Ι

265 1986 499 2023 inconsultis
518 1987 782 2033 impetratam,
804 1996 953 2031 nosque
970 1985 1143 2030 graviter
1158 1985 1198 2020 in
1213 1985 1326 2020 illum
1348 1986 1695 2022 animadversuros
1717 2000 1733 2020 »
1754 1985 1810 2035 (a.
1832 1986 1965 2037 1655).
