2145 3366
241 267 322 304 524

844 272 986 300 INDEX
1016 271 1359 300 ALPHABETICUS

245 434 541 472 scholastici
581 432 785 469 externi.
820 453 866 456 —
901 432 1064 465 Possunt

293 492 453 534 admitti,
489 491 567 531 449,
597 490 680 524 462.
709 510 754 514 —
785 488 979 530 Quomodo
1011 487 1065 520 in-

294 548 461 582 struendi
483 547 527 581 ad
562 547 748 593 pietatem,
771 546 854 579 501.
878 564 923 569 —
944 543 1065 578 Conti—

295 604 404 639 nendi
423 605 460 637 in
476 604 689 649 disciplina,
706 601 788 636 503.
808 622 849 626 —-
866 599 1063 637 Incitandi,

294 662 376 695 504.
414 682 460 685 —
499 659 653 694 Tuenda
699 660 833 692 horum
876 656 1062 699 valetudo,

294 718 375 752 504.
399 738 443 741 —
463 718 547 752 Non
578 717 631 750 eis
661 716 901 760 imponantur
931 713 1067 747 contri-

296 775 484 817 butiones,
507 773 588 807 508.
611 793 657 796 —
679 771 798 806 Hodie
826 775 949 805 tamen
978 780 1067 815 quo-

297 828 409 862 modo
453 827 624 871 exigatur
670 824 881 867 retributio,
923 823 982 858 88.
1024 842 1066 847 —

297 884 489 918 Abeuntes
516 882 710 917 muniendi
734 880 960 924 testimonio,
983 878 1064 913 508.

296 962 342 965 ——
363 940 415 974 Cf.
441 939 625 983 Collegyici,
648 943 716 972 etc.
979 975 985 980 ¹

251 1000 482 1036 scientiae
511 998 777 1034 naturales.
806 1016 852 1022 —-
873 995 1069 1037 Quomodo

298 1057 446 1092 Nostris
493 1055 696 1099 tradenda-3,
737 1054 819 1088 423.
864 1073 910 1078 —
950 1052 992 1086 Et
1033 1051 1069 1084 in

299 1124 449 1158 genere,
473 1113 555 1147 482.

253 1176 547 1222 Scriptores.
566 1196 606 1199 —
625 1175 677 1209 Cf.
699 1173 905 1208 Librorum
920 1170 1069 1214 revisio,

301 1232 472 1277 scriptio.

255 1292 513 1338 Scriptura
544 1300 697 1327 Sacra.
720 1310 765 1314 —
787 1289 858 1323 Per
878 1287 1070 1322 biennium

302 1348 498 1393 studenda,
533 1347 615 1381 424.
649 1367 694 1371 —
726 1346 858 1380 Utrum
894 1345 928 1378 in
961 1354 1073 1377 cursu

304 1406 454 1449 minori,
477 1405 558 1439 426.
575 1425 621 1428 ——
642 1402 909 1448 Repetitiones,
932 1400 1013 1435 432.
1029 1420 1075 1424 —

304 1463 412 1497 Ratio
435 1461 607 1505 docendi,
625 1460 707 1494 484.
730 1480 767 1484 —
786 1458 959 1493 Studium
979 1468 1076 1491 com-

305 1519 506 1554 mendatur
545 1516 799 1552 recolentibus
832 1514 1074 1559 theologiam,

305 1577 387 1612 427.
412 1598 457 1602 ——-
480 1574 705 1610 Formandis
727 1571 1074 1614 Concionatoribus,

305 1634 388 1669 383.
421 1654 467 1657 -—
500 1631 699 1666 Audienda
738 1630 861 1673 lectio,
898 1629 928 1662 si
967 1629 1007 1661 sit
1041 1627 1076 1660 in

306 1691 433 1722 nostro
473 1686 612 1731 templo
648 1688 711 1719 aut
743 1684 861 1718 Domo
894 1682 1074 1728 professa,

306 1744 388 1780 313v
414 1765 457 1768 ——
479 1742 688 1787 propositio
721 1740 766 1774 de
798 1739 1078 1773 universalitate

308 1801 437 1836 diluvii
461 1799 584 1845 quoad
608 1798 793 1839 homines,
816 1796 897 1830 498.

263 1865 575 1904 secretarius
604 1862 879 1900 Societatis.
909 1882 954 1886 —
984 1861 1081 1901 Quo-

310 1923 421 1957 modo
444 1921 656 1965 eligendus,
673 1919 754 1954 225.
772 1939 816 1942 —
832 1917 975 1960 Officia,
996 1916 1078 1949 223.

310 1980 435 2023 Dotes,
464 1979 546 2012 224.
571 1998 614 2002 —
639 1977 742 2019 Jura,
775 1975 857 2009 225.
880 1994 926 1998 —
947 1973 1081 2007 Preces

313 2048 379 2082 pro
400 2037 494 2080 ipso,
511 2035 593 2069 225.
611 2054 656 2058 —
671 2033 760 2077 Ejus
776 2029 980 2073 substituti,
997 2029 1079 2063 226.

265 2103 537 2139 Secretunl.
559 2120 603 2124 -—
626 2100 726 2133 Inter
755 2098 926 2135 Nostros,
956 2098 1083 2140 quate-

313 2170 382 2193 nus
429 2158 587 2200 licitum,
625 2155 707 2189 152.
745 2175 791 2178 —
830 2151 1084 2187 Confessionis

314 2215 494 2259 sigillum,
517 2213 599 2248 311.
623 2232 669 2236 —-
690 2210 799 2245 Ratio
831 2207 1082 2249 conscientize,

312 2272 395 2315 314,
423 2270 506 2305 316.
531 2290 572 2294 -—
597 2268 636 2302 In
660 2267 782 2313 specio
811 2264 935 2311 quoad
958 2264 1086 2297 dimis-

314 2329 471 2371 sionem,
505 2326 586 2361 367.
610 2345 656 2349 ——
685 2324 824 2358 Cautus
857 2322 903 2355 sit
932 2321 968 2354 in
1001 2331 1087 2354 con-

316 2384 513 2419 sultatione
536 2381 714 2425 Magister
733 2378 982 2421 Novitiorum,
1002 2376 1060 2410 70.

270 2447 550 2486 seminaria
562 2443 879 2491 episcopalia.
893 2463 936 2466 fl
949 2442 1085 2476 Eorum

319 2509 529 2551 paupertas,
547 2503 627 2537 133.
646 2523 691 2526 -—
706 2501 839 2536 Utrum
862 2497 1088 2544 imponenda

319 2563 409 2608 ipsis
442 2559 667 2595 contributio
700 2569 766 2603 pro
801 2555 964 2600 Collegio
984 2555 1090 2588 *Nos-

319 2623 476 2661 trorum,
499 2617 582 2650 134.
598 2636 644 2639 —
665 2615 821 2648 Cuinam
843 2612 1091 2657 acquiruntur

320 2686 402 2721 qua}
430 2675 479 2708 ibi
505 2686 524 2707 a
544 2673 624 2708 NN.
649 2671 921 2718 percipiuntur,
947 2672 981 2702 et
1001 2679 1090 2713 quo-

322 2732 431 2766 modo
469 2742 512 2764 ea
545 2728 779 2775 applicanda,
814 2726 897 2769 133,
928 2725 1010 2759 134.
1047 2744 1091 2748 —
1128 2741 1129 2763 1
1167 2750 1411 2788 Studium.
1435 2768 1480 2772 ρ
1501 2747 1553 2781 Cf.
1580 2743 1764 2787 Congum,
1787 2746 1855 2775 etc.

322 2790 452 2823 Utrum
482 2785 674 2831 Superiori
699 2785 761 2829 jus
784 2784 832 2817 sit
861 2783 906 2816 ad
935 2783 1092 2825 Congre-

322 2845 508 2888 gationem
532 2841 811 2888 provincialem,
829 2839 911 2874 301.
930 2859 974 2863 ——
997 2838 1093 2878 Quo-

324 2902 433 2936 modo
468 2899 708 2945 acccptanda,
745 2898 826 2932 466.
859 2916 904 2920 *—
933 2894 1094 2929 Vitanda

325 2960 359 2992 in
396 2957 661 3002 acceptatione,
700 2954 783 2989 466.
821 2974 862 2978 -
898 2951 1094 2993 Quomodo
1131 2945 1133 2983 ἶ

324 3015 447 3051 Nostri
471 3013 720 3057 subjiciuntur
741 3009 956 3047 Ordinario,
978 3008 1060 3042 466.

1129 2812 1131 2854 ἒ
1168 2813 1516 2853 subminister.
1535 2831 1580 2835 ff
1601 2810 1750 2849 Munus,
1772 2807 1855 2841 275.

1132 3005 1134 3051 ζ
1172 3001 1490 3041 substitutus.
1514 3019 1559 3023 —
1587 2996 1777 3031 Assistens
1804 2992 1985 3027 substitu-
2008 3019 2010 3021 .

1140 429 1422 466 Seminaria
1450 431 1761 466 Nostrorum.
1784 451 1831 454 —
1859 430 1954 465 Arca

1186 487 1494 530 Seniinariorum,
1509 487 1590 531 125,
1605 498 1687 531 sqq.
1701 507 1746 510 —
1760 486 1954 527 Quomodo

1186 543 1409 587 adjuvanda,
1432 543 1514 577 110.
1539 563 1581 567 —
1604 543 1803 586 Privilegia
1833 543 1954 588 quoad

1187 600 1505 643 renunciationes,
1529 599 1611 633 105.
1643 619 1688 623 —
1717 600 1802 633 Haec
1833 603 1956 633 tamen

1189 667 1262 690 non
1285 668 1323 689 se
1346 656 1551 690 extendunt
1572 656 1616 689 ad
1644 656 1804 689 Domum
1827 655 1959 699 proba-

1189 710 1314 753 tionis,
1333 710 1415 744 107.
1440 731 1483 735 -
1506 709 1558 743 Cf.
1582 708 1767 753 Colleyia,
1785 713 1853 742 etc.
1962 745 1985 772 ⁸

1143 785 1426 821 Silentiunl.
1442 805 1487 808 —-
1504 783 1699 825 Quomodo
1720 783 1957 827 servandum,
2008 809 2009 823 3

1189 842 1271 876 332.
1303 862 1348 865 —
1379 840 1475 882 Quid
1507 840 1551 874 de
1582 840 1694 874 rebus
1724 839 1958 884 necessariis,
1984 829 2009 879 ’ἦῆ

1189 898 1270 933 332.

1146 973 1416 1010 societates
1456 971 1641 1008 civiles.
1681 992 1724 996 —
1758 971 1962 1015 Paupertas
1988 967 1999 1021 ⁴.

1194 1031 1393 1065 domorum
1418 1041 1511 1075 quas
1533 1029 1588 1063 11ae
1610 1028 1857 1074 possiderent,
1880 1027 1960 1061 134.
1997 1056 1999 1063 .

1150 1105 1370 1143 Societas
1400 1105 1540 1141 Jesu.
1561 1124 1607 1127 ——
1636 1103 1724 1148 Ejus
1754 1112 1904 1145 nomen,
1927 1101 1961 1135 1.
1985 1098 2000 1126 ¹³·

1194 1163 1309 1206 Finis,
1332 1161 1366 1195 2.
1398 1181 1441 1185 ——
1469 1160 1668 1203 Regimen,
1698 1158 1757 1192 16.
1781 1179 1824 1182 —
1846 1157 1964 1191 Mem-
1987 1161 2001 1196 ᾖ

1195 1219 1276 1263 bra,
1306 1218 1364 1252 17.
1391 1238 1437 1241 ——
1458 1216 1606 1260 Religio
1637 1214 1833 1257 clericalis,
1865 1212 2002 1270 men-{

1197 1275 1338 1317 dicans,
1355 1274 1391 1317 3,
1414 1274 1448 1307 4.
1473 1293 1517 1297 —
1537 1273 1620 1306 Vita
1642 1272 1722 1316 ejus
1743 1269 1965 1313 communis,
1984 1276 2013 1334 Ἰ

1195 1332 1230 1366 3.
1260 1352 1306 1355 —
1328 1330 1529 1364 Humiliter
1559 1327 1731 1371 amanda,
1763 1327 1799 1361 4.
1829 1346 1872 1350 —
1893 1312 2013 1383 iilo-,3¹

1199 1389 1315 1422 derna
1333 1391 1368 1421 et
1389 1386 1542 1431 antiqua
1563 1385 1747 1427 identicae,
1764 1383 1798 1417 8.
1816 1403 1862 1407 -—
1876 1382 1969 1416 Sub·
1995 1389 2015 1431 g,

1199 1443 1397 1487 stantialia,
1438 1442 1498 1484 10,
1535 1441 1593 1476 11.
1636 1461 1682 1465 -—
1721 1440 1896 1474 Censurae
1935 1441 1970 1472 et
1995 1432 2015 1488 'ist'

1201 1504 1385 1546 praecepta
1425 1498 1469 1533 ad
1514 1499 1594 1543 ejus
1633 1495 1966 1539 conservationem,
1991 1478 2015 1549 Ξ

1197 1558 1281 1603 356,
1302 1558 1383 1592 357.
1992 1550 2004 1602 3

1154 1632 1376 1670 Societas
1429 1630 1671 1676 professa.
1719 1647 1764 1652 -
1812 1627 1970 1672 Incapax
1995 1609 2004 1668 ᾗ

1205 1686 1444 1725 lnureditatis,
1461 1684 1550 1727 1133
1566 1704 1609 1707 —›
1622 1682 1838 1717 reddituum
1861 1679 2001 1716 stabi-'¹

1203 1745 1308 1786 lium,
1355 1742 1438 1785 116,
1485 1740 1566 1775 117.
1610 1760 1652 1764 ——
1690 1735 1974 1782 Superintendit
1998 1728 2001 1730 ’

1203 1801 1299 1835 bona
1317 1798 1582 1842 Collegiorum,
1599 1796 1681 1830 111.
1700 1816 1743 1819 —
1763 1794 1842 1835 Quo
1859 1804 1972 1827 sensu

1204 1858 1343 1892 dicitur
1364 1854 1585 1900 simpliciter
1606 1853 1782 1895 Societas,
1802 1851 1860 1884 ‘17.

1157 1922 1348 1959 Sooius.
1371 1941 1417 1945 —
1438 1918 1616 1964 Magyistrt'
1644 1916 1889 1959 novitiorum,
1912 1914 1970 1949 69.

1203 2000 1249 2004 —
1282 1976 1554 2018 Provincialis,
1592 1973 1811 2016 nominatio,
1854 1971 1973 2014 dotes,

1205 2046 1356 2075 munus,
1377 2034 1460 2068 242.
1483 2053 1529 2057 —
1548 2032 1633 2067 Non
1663 2029 1883 2075 aperiuntur
1912 2027 1972 2061 lit-
2011 2023 2016 2030 '

1206 2097 1305 2136 terte,
1328 2091 1410 2125 242.
1431 2111 1476 2114 —
1496 2087 1665 2131 Itineris,
1690 2085 1811 2131 quoad
1834 2084 1976 2118 confes-

1206 2150 1345 2191 siones,
1363 2146 1444 2181 310.
1462 2166 1508 2170 -—
1523 2144 1652 2186 Quoad
1676 2145 1875 2185 reservata,
1891 2139 1973 2184 348,

1206 2227 1251 2231 ἠ
1282 2203 1565 2246 Visitationum,
1586 2200 1805 2245 Praescripta
1824 2197 1974 2242 regulae,

1207 2262 1288 2306 141,
1329 2261 1411 2295 143.
1449 2280 1495 2284 —
1530 2259 1776 2299 Momentum,
1812 2254 1894 2288 143.
1932 2273 1978 2277 —

1209 2319 1380 2353 Addatur
1401 2315 1588 2351 itineranti
1609 2314 1652 2348 ad
1675 2324 1777 2355 suos,
1799 2311 1880 2345 143.
2007 2355 2010 2358 ι

1163 2386 1395 2422 Somnus.
1416 2403 1462 2406 —
1482 2382 1570 2426 Ejus
1594 2379 1703 2422 ratio,
1724 2378 1807 2421 1135,
1829 2375 1910 2410 136.
1933 2395 1979 2399 ——

1210 2441 1377 2484 Duratio,
1396 2438 1480 2473 331.

1165 2506 1423 2544 sodalitas.
1465 2524 1510 2527 -
1549 2502 1608 2536 Cf.
1659 2497 1979 2544 Coizyregyatioiws

1212 2564 1257 2598 Β.
1282 2563 1331 2598 Μ.
1364 2562 1401 2595 Γ.
1425 2565 1458 2594 et
1481 2560 1598 2594 Boiza‘
1619 2557 1765 2591 Mortis.

1166 2626 1493 2674 Stipendiuln.
1524 2645 1570 2648 ἐ
1600 2623 1653 2657 Cf.
1692 2622 1905 2666 Paupertas
1937 2628 1982 2652 eac

1214 2686 1360 2729 remila.

1170 2877 1527 2918 substantialia
1556 2872 1790 2911 Instituti.
1810 2893 1856 2896 —
1877 2871 1984 2912 Quae-

1218 2950 1316 2982 nam,
1340 2936 1397 2979 ¹10,
1417 2935 1475 2969 11.
1496 2954 1541 2958 ·”
1562 2933 1692 2967 Utrum
1716 2927 1905 2970 mutanda,
1925 2925 1982 2960 11.
2018 2971 2020 2982 k

2045 1085 2140 1134 superii·

2066 1145 2104 1181 338.
2124 1162 2143 1166 f
