2145 3366
9 1647 63 1679 lini-

7 1697 30 1727 lm·
37 1695 62 1728 ΙΙΙ.

6 1748 63 1776 Uulne:

753 793 938 849 CAPUT
988 791 1299 847 SECUNDUM

824 996 889 1029 DE
919 994 1229 1029 MISSIONIBUS

232 1221 612 1265 Proenotctnclum.
641 1244 690 1251 —
711 1219 778 1262 De
806 1216 1110 1261 missionibus
1129 1215 1223 1273 agit
1242 1214 1293 1258 Β.
1318 1213 1367 1257 P.
1392 1213 1619 1271 Ignatius,
1643 1211 1881 1270 praecipue
1935 1226 1988 1253 390

174 1300 219 1343 in
247 1299 298 1343 P.
327 1298 428 1353 VII,
461 1297 728 1347 Constitut.‚
755 1296 801 1339 in
831 1309 924 1353 qua
956 1298 1120 1338 tractat
1157 1292 1214 1336 de
1244 1291 1413 1335 mediis
1446 1290 1697 1349 adjuvandi
1721 1288 1880 1347 proxi-

175 1390 322 1420 mum.
345 1374 764 1431 Contradistinguit
783 1386 923 1431 porro
944 1371 1061 1415 illud
1084 1370 1291 1414 medium
1316 1383 1341 1412 a
1364 1369 1530 1412 mediis
1554 1368 1728 1426 quibus
1750 1367 1881 1411 illum

173 1455 392 1512 adijant
425 1453 589 1497 incolae
622 1452 879 1495 Domorurn
909 1455 953 1494 et
982 1448 1312 1506 Collegiorum.
1346 1447 1467 1490 Hinc
1489 1460 1574 1504 per
1605 1445 1879 1489 missionem

174 1531 368 1589 intelligi
388 1530 589 1584 videtur,
613 1543 753 1573 sensu
778 1527 1001 1579 Instituti‚
1024 1526 1262 1583 deputatio
1285 1530 1414 1568 extra
1441 1529 1624 1567 nostras
1646 1523 1812 1566 domos
1830 1527 1884 1566 ut

175 1622 302 1652 unus
333 1613 412 1651 aut
446 1608 604 1665 plures
625 1620 648 1649 e
678 1606 907 1650 Societate
934 1604 1151 1648 laborent
1176 1603 1225 1646 in
1250 1602 1385 1646 vinea
1417 1600 1604 1645 Domini
1634 1614 1718 1658 per
1743 1613 1884 1658 opera

175 1686 391 1730 Societati
414 1690 656 1739 consueta,
688 1689 733 1727 et
753 1683 809 1726 de
834 1681 1142 1725 missionibus
1163 1681 1225 1724 ita
1252 1679 1560 1724 consideratis
1583 1692 1708 1722 nunc
1726 1691 1884 1721 ‘sermo

175 1770 259 1807 est.
285 1763 350 1806 De
370 1762 675 1806 missionibus
696 1774 802 1804 vero
831 1760 887 1804 ad
916 1764 1117 1814 exterOS,
1149 1758 1203 1801 cf.
1242 1757 1454 1801 scholion
1474 1756 1596 1799 infra
1622 1756 1845 1813 positum.
1873 1755 1883 1782 ¹

235 1885 270 1929 I.
300 1911 356 1917 —-
384 1886 552 1929 Earum
579 1883 775 1928 utilitas.
820 1907 874 1914 —
909 1881 1008 1925 Hoc
1046 1894 1195 1924 unum
1237 1884 1307 1923 est
1342 1892 1397 1922 ex
1426 1878 1680 1936 praecipuis
1714 1882 1887 1921 nostrae

177 1962 418 2006 Societatis
446 1961 647 2016 muniis,
677 1965 721 2004 et
741 1964 989 2017 propterea
1016 1957 1220 2001 Professi
1257 1956 1458 2014 speciale
1485 1960 1644 1999 votum
1665 1955 1888 1999 emittunt

177 2046 222 2084 et
242 2039 408 2084 nullibi
429 2038 569 2082 fixam
594 2038 752 2081 sedem
772 2036 962 2080 habent.
987 2034 1181 2092 (Paulus
1203 2033 1284 2085 HI,
1299 2034 1534 2091 Reyimini
1552 2037 1598 2076 et
1616 2032 1743 2076 Licet
1765 2032 1888 2075 debi-

178 2121 290 2161 tum.
320 2142 369 2149 -
393 2116 544 2161 Julius
567 2115 649 2171 III,
667 2115 907 2171 Emposcit.
932 2138 981 2145 —
1003 2112 1105 2168 Ex.,
1129 2125 1191 2168 IV,
1212 2111 1285 2166 27,
1301 2110 1374 2155 35.
1391 2136 1439 2142 —
1458 2110 1571 2161 Cst.‚
1590 2109 1673 2166 III,
1697 2109 1884 2165 11,G.-

178 2195 254 2249 IV,
269 2194 421 2238 Proce.
436 2194 490 2237 A.
506 2219 562 2224 -
576 2192 675 2248 VII,
692 2205 723 2247 1,
736 2191 780 2246 1,
797 2190 852 2234 A.
865 2216 920 2223 —
935 2189 1036 2245 VII,
1055 2203 1106 2244 Π,
1129 2189 1205 2253 H'.)
1218 2188 1440 2233 Generali
1456 2188 1704 2231 missiones
1717 2187 1888 2245 quibus

177 2272 267 2316 duo
289 2277 369 2315 aut
393 2271 516 2315 terni
537 2270 753 2328 regiones
776 2268 996 2312 excolunt
1016 2267 1151 2310 enixe
1175 2264 1535 2310 commendavit.
1560 2264 1609 2308 C.
1633 2264 1709 2320 Gn,
1733 2263 1788 2315 V,
1813 2263 1885 2308 46.

177 2350 241 2394 Cf.
272 2350 411 2393 etiam
430 2348 479 2392 C.
510 2348 584 2403 G„
608 2346 755 2401 XXII,
784 2344 858 2389 23.

238 2468 297 2512 II.
327 2494 384 2499 —
408 2467 602 2512 Quinam
628 2465 813 2511 mittere
843 2469 1057 2522 possunt.
1092 2489 1139 2496 —
1167 2463 1288 2508 Mitti
1318 2466 1521 2520 possunt
1553 2461 1712 2506 Nostri
1749 2461 1845 2504 sive
1865 2474 1891 2504 a

179 2546 372 2590 Summo
412 2543 652 2597 Pontifice,
690 2543 785 2586 sive
815 2556 840 2585 a
867 2542 1102 2596 Generali,
1139 2546 1219 2585 aut
1249 2541 1306 2584 ab
1342 2540 1399 2583 iis
1442 2539 1614 2597 quibus
1648 2538 1891 2583 Generalis

178 2623 446 2667 facultatem
470 2622 589 2665 hanc
617 2619 1031 2664 communicaverit
1056 2618 1164 2671 (Cst.
1186 2617 1288 2673 VII,
1314 2630 1364 2673 11,
1393 2617 1437 2660 1.
1460 2642 1517 2648 -
1540 2615 1618 2672 ΙΧ,
1641 2628 1710 2671 111,
1740 2615 1784 2670 9,
1815 2615 1887 2670 F);

180 2702 272 2745 sive
300 2714 325 2743 a
350 2699 534 2743 Vicario
565 2697 787 2756 generali,
818 2697 899 2754 qui
931 2702 1088 2740 tamen
1117 2696 1293 2752 absque
1325 2694 1526 2738 decisivo
1556 2692 1775 2750 suffragio
1802 2691 1892 2736 As-

179 2777 449 2822 sistentium
481 2775 722 2818 Professos
755 2779 957 2832 quatuor
982 2779 1199 2816 votorum
1230 2786 1323 2816 non
1362 2771 1515 2815 mittet
1541 2769 1597 2813 ad
1625 2783 1703 2813 eas
1736 2774 1893 2827 partes

180 2855 305 2898 unde
334 2853 390 2897 ad
419 2852 811 2910 Congregationes
843 2851 899 2894 ad
929 2863 1044 2907 quas
1068 2851 1145 2908 jus
1173 2849 1348 2893 habent
1374 2848 1533 2891 venire
1562 2860 1656 2890 non
1684 2851 1890 2904 possent.

181 2931 290 2989 (Off.
314 2931 411 2976 Vic.
443 2944 546 2988 gen.
578 2929 671 2984 11.)
698 2928 943 2988 Praepositi
966 2927 1116 2971 solum
1146 2927 1267 2970 circa
1296 2925 1438 2970 urbes
1457 2925 1504 2968 in
1532 2924 1704 2982 quibus
1728 2937 1891 2967 eorum

1940 1889 1991 1917 391

1944 2473 1997 2501 392
