2145 3366
774 323 829 351 ni:
861 321 1071 350 FovrleA
1109 322 1144 349 ri
1157 320 1298 349 muri:
1817 308 1894 346 285

188 519 202 540 «
228 505 454 541 Potentibus
475 506 517 540 ut
545 503 673 538 Nostri
705 502 867 538 Verona¹
896 512 917 537 a
947 501 1136 538 carnibus
1166 500 1412 536 abstinerent
1444 500 1482 536 in
1513 500 1704 543 adventu,
1727 510 1770 536 eo
1791 499 1895 545 quod

186 575 320 601 omnes
342 565 394 599 ibi
419 564 485 609 qui
515 563 738 607 religiosius
770 563 961 604 viverent,
985 561 1255 603 abstinebant,
1280 560 1318 596 Ρ.
1350 560 1570 595 Evcrardus
1601 560 1662 595 bis
1684 560 1815 595 verbis
1838 569 1895 593 rc-

185 625 343 671 spondit
370 635 377 658 :
405 626 548 660 Carent
570 622 801 669 Superiores
824 626 863 657 ul
885 621 968 657 sine
996 625 1245 656 erternorum
1270 619 1478 667 ofsensione
1509 618 1726 655 communis
1752 628 1831 654 mos
1859 617 1899 652 in

184 683 389 725 societate,
411 682 483 718 hac
506 682 548 718 in
566 686 693 729 parte,
731 685 917 717 serretur.
949 693 964 713 »
992 680 1044 726 (a.
1070 679 1129 715 Ad
1150 679 1194 714 V.
1219 678 1473 715 i-tbstinentiaei
1503 688 1527 714 a
1555 678 1753 720 carnibus,
1780 688 1819 712 n.
1843 677 1898 717 5.)

237 766 254 794 -2
274 769 400 805 Nostri
424 769 463 803 in
486 768 688 804 refectorio
711 768 897 802 iacientes
920 766 1171 811 poenitentias
1203 765 1358 801 easdem
1392 765 1601 800 lucrantur
1631 764 1900 807 indulgentias

187 839 231 864 ac
252 828 380 864 cwteri
412 827 583 873 religiosi
609 827 647 862 in
676 827 860 871 capitulis
885 824 939 875 (a.
972 826 1097 865 1606).
1125 824 1182 860 Ct.
1217 825 1350 870 Comp.
1387 825 1522 860 l‘rivil.
1549 825 1592 859 V.
1624 822 1894 870 Indumentis&

190 899 228 924 n.
257 888 347 923 3:37.

243 971 258 997 3
289 973 443 1010 Tabella
475 973 795 1020 poenitcntiaruni
829 972 922 1007 olim
956 971 1205 1007 vacationum
1246 974 1420 1016 tempore
1459 970 1615 1017 publice
1650 970 1898 1016 affigebatur,

189 1044 277 1070 cum
296 1033 468 1080 generali
491 1033 647 1069 lii-entia
668 1042 734 1068 eas
756 1031 946 1077 seligendi
969 1042 1056 1076 quae
1073 1031 1213 1066 melius
1235 1031 1449 1066 convenire
1477 1030 1692 1075 unicuique
1714 1029 1901 1065 videban-

191 1097 274 1132 tur:
298 1093 392 1128 dum
418 1092 640 1128 studiorum
670 1095 842 1136 tempore
867 1091 1120 1136 particularis
1152 1090 1311 1125 licentia
1341 1090 1563 1125 necessaria
1582 1092 1681 1132 erat,
1706 1099 1775 1124 nec
1807 1089 1903 1124 adeo

192 1153 303 1188 facile
329 1152 616 1188 concedebatur
639 1152 681 1198 (s.
706 1151 745 1185 l‘.
771 1152 893 1193 Secr„
923 1150 966 1185 l5
997 1150 1067 1195 jul.
1101 1150 1227 1195 1⁸:34).
1262 1150 1305 1185 Et
1336 1149 1547 1185 hodiedum
1582 1149 1775 1185 retinetur
1805 1158 1903 1184 usus

191 1213 230 1248 in
251 1212 421 1258 (Iollegio
443 1211 634 1246 Romano.

243 1296 258 1323 t
279 1299 332 1334 Ex
355 1298 555 1344 responsis
577 1298 656 1333 GG.
682 1296 1015 1343 deprehendimus
1036 1296 1318 1332 abstinentiam
1342 1296 1460 1331 Feria¹
1481 1296 1534 1331 vm
1563 1295 1656 1331 olim
1674 1295 1798 1332 tuisse
1819 1306 1902 1332 arc-

192 1360 343 1395 tiorem.
373 1358 457 1393 Non
486 1358 655 1393 dabatur
682 1356 942 1402 jentaculum,
974 1356 1051 1391 nisi
1086 1356 1356 1402 indigentibus
1391 1367 1398 1390 :
1436 1356 1477 1391 in
1498 1365 1608 1391 coena
1629 1356 1902 1401 apponebatur

191 1418 319 1454 media
340 1420 495 1453 tantum
517 1426 608 1462 pars
629 1417 743 1462 panis
762 1417 799 1451 in
821 1416 987 1461 prandio
1008 1415 1162 1451 absumi
1184 1416 1314 1458 solita,
1338 1418 1375 1451 ct
1396 1418 1587 1461 praeterea
1610 1425 1688 1451 una
1709 1425 1786 1459 res,
1808 1418 1905 1461 puta

191 1478 455 1524 pulmentum,
479 1477 569 1518 offa,
593 1476 824 1517 acetarium,
849 1476 1001 1510 tructus
1027 1474 1083 1521 (a.
1113 1475 1227 1517 1564,
1251 1475 1359 1516 eloy).
1384 1475 1467 1510 Non
1490 1475 1608 1511 fiebat
1629 1485 1651 1510 a
1673 1475 1822 1510 Pascha
1855 1475 1905 1511 ad

191 1538 445 1574 Pentecosten
478 1547 486 1570 :
519 1536 586 1581 qui
621 1539 752 1571 tamen
786 1535 940 1571 volebat
973 1535 1185 1577 abstinere,
1221 1535 1524 1581 permittebatur
1564 1534 1621 1581 (a.
1654 1534 1724 1570 CC.
1765 1534 1902 1581 1584).

191 1596 441 1633 Consuetudo
463 1595 667 1632 Societatis
688 1605 775 1640 quar
805 1594 954 1630 servari
978 1594 1138 1640 jubetur
1167 1594 1277 1640 (Reg.
1313 1594 1334 1629 5
1365 1594 1535 1635 Comm.)
1566 1594 1614 1630 de
1643 1594 1900 1637 abstinentia,

192 1660 271 1693 erat
297 1656 471 1691 Romana
493 1661 548 1692 ((1.
581 1654 693 1697 1587,
724 1654 853 1693 1590).
882 1654 1106 1689 Tollebatur
1138 1654 1395 1696 abstinentia,
1427 1654 1459 1689 si
1480 1654 1558 1689 alia
1582 1654 1644 1689 die
1675 1654 1906 1690 occurrebat

191 1716 385 1762 jejunium
403 1715 458 1752 (a.
490 1714 626 1753 ltjl7):
648 1717 808 1759 ext-epta
830 1713 896 1748 illa
918 1723 1003 1758 quw
1026 1713 1123 1748 solet
1146 1713 1231 1749 lteri
1252 1713 1388 1759 vigilia
1408 1713 1677 1749 renovationis
1699 1712 1756 1752 (a.
1791 1713 1905 1756 1629,

193 1779 229 1811 et
263 1775 443 1821 pluries).
488 1774 529 1809 Et
564 1774 644 1809 haec
682 1773 902 1809 habebatur
937 1773 1055 1808 etiam
1094 1776 1267 1818 tempore
1300 1773 1479 1808 Paschali
1514 1772 1570 1812 (a.
1615 1772 1730 1815 1639,
1770 1772 1905 1819 1650).

194 1834 356 1878 Quando
377 1834 571 1869 incidebat
588 1832 788 1868 renovatio
804 1832 843 1867 in
859 1832 963 1868 diem
982 1832 1115 1874 Lunw,
1141 1832 1382 1868 abstinentia
1405 1835 1489 1868 erat
1509 1832 1681 1867 Sabbato
1696 1830 1752 1877 (a.
1774 1831 1906 1873 1529).

250 1894 289 1929 P.
314 1894 358 1928 N.
380 1894 470 1929 viva
489 1903 580 1928 voce
605 1892 785 1939 probavit
809 1894 851 1927 ut
873 1892 912 1926 in
938 1891 1065 1927 Gallia
1084 1892 1328 1928 abstinentia
1349 1902 1439 1927 cum
1462 1891 1650 1927 carnibus
1676 1891 1737 1927 vel
1759 1892 1910 1938 absque

194 1954 250 1989 eis
273 1954 379 1989 tieret
401 1953 513 1998 juxta
535 1953 637 1988 diem
665 1962 742 1997 quo
766 1952 893 1987 cadit:
920 1954 1040 1996 utque
1059 1951 1254 1996 jejunium
1275 1952 1316 1986 in
1337 1951 1545 1997 pervigilio
1566 1951 1604 1986 S.
1632 1951 1672 1985 P.
1695 1950 1738 1985 N.
1766 1951 1908 1997 Ignatii

196 2023 284 2049 cum
306 2013 547 2049 abstinentia
566 2022 720 2058 semper
737 2011 1046 2057 conjungeretur
1065 2010 1182 2057 (sept.
1214 2010 1345 2049 1877).

258 2197 336 2241 IX.
374 2223 431 2228 -—
457 2196 710 2243 Renovatio
744 2197 967 2242 Votorum
1000 2210 1083 2254 pro
1116 2196 1346 2255 religiosis
1381 2210 1474 2240 non
1506 2196 1722 2242 formatis
1754 2197 1825 2243 bis
1860 2198 1908 2244 in

195 2289 318 2319 anno
342 2275 408 2330 fit,
432 2275 489 2318 iis
517 2275 566 2318 in
594 2274 724 2318 festis
749 2287 853 2332 qna}
888 2274 1175 2331 Przepositus
1209 2274 1441 2332 generalis
1478 2273 1737 2333 designat&
1771 2276 1907 2333 (Cst.,

197 2353 272 2408 IV,
299 2366 359 2409 lv,
384 2353 427 2409 5,
453 2352 506 2396 D.
529 2379 585 2382 ——
605 2352 660 2408 V,
683 2365 744 2408 lv,
768 2352 812 2407 6,
840 2352 897 2395 H.
921 2377 975 2383 -
998 2351 1047 2395 C.
1070 2352 1144 2407 G„
1174 2351 1233 2408 II,
1258 2351 1331 2396 64.
1356 2378 1413 2383 —-
1434 2351 1511 2409 IV,
1534 2353 1627 2406 55.)
1649 2353 1911 2398 Przemitta-

197 2436 274 2474 tur
294 2430 511 2474 triduana
530 2429 792 2473 recollectio
808 2428 840 2486 ⁶2,
865 2429 912 2472 in
937 2443 1029 2487 qna
1056 2443 1081 2473 a
1109 2429 1292 2484 studiis,
1310 2429 1515 2487 exceptis
1538 2430 1710 2474 scholis
1725 2432 1913 2476 ordina-

199 2509 296 2565 riis,
328 2507 632 2552 altistii'ieatur.
659 2506 725 2559 (C.
751 2507 826 2561 G„
855 2506 932 2563 VI,
957 2507 1030 2558 29,
1056 2506 1099 2551 ’1.
1123 2533 1181 2538 —-
1198 2507 1299 2562 VH,
1325 2507 1417 2560 77.)
1437 2507 1583 2551 Multo
1604 2509 1751 2567 magis
1774 2523 1799 2553 a
1821 2510 1914 2553 ool-

200 2586 370 2643 loquiis
389 2600 496 2629 cum
516 2585 737 2639 externis,
758 2584 972 2641 negotiis,
995 2578 1393 2640 recreationibus,
1421 2590 1466 2628 et
1484 2591 1672 2629 vacetur
1690 2587 1906 2645 orationi,

201 2663 419 2718 examini,
449 2662 654 2719 lectioni,
687 2667 775 2706 eto.
795 2660 960 2717 3(Ι115.,
985 2661 1131 2717 XVII,
1158 2661 1220 2715 7.)

260 2740 579 2799 Designantur
596 2739 666 2782 vel
688 2754 713 2782 a
734 2739 1012 2783 Provinciali
1034 2740 1072 2782 si
1098 2753 1305 2797 praesens
1328 2739 1404 2793 sit,
1426 2738 1497 2782 vel
1525 2753 1550 2782 a
1568 2739 1768 2785 Rectore
1800 2757 1912 2786 con-

204 2817 385 2862 fessarii
406 2816 781 2872 extraordinarii,
800 2816 879 2874 qui
899 2831 1063 2860 omnes
1080 2817 1220 2861 etiam
1236 2831 1330 2861 non
1348 2821 1626 2861 renovantes
1641 2817 1698 2861 ad
1720 2832 1768 2863 se
1784 2834 1914 2865 acce-

208 2895 371 2942 dentes
392 2895 555 2939 audire
578 2895 761 2952 possint
778 2897 807 2937 l.
844 2894 915 2946 (R.
941 2894 1095 2951 Prov.,
1119 2894 1222 2951 1131,
1245 2895 1301 2938 R.
1333 2894 1405 2938 22.
1429 2919 1485 2925 —-
1510 2894 1558 2938 tl.
1590 2894 1663 2951 G„
1689 2895 1791 2953 XII,
1823 2898 1917 2952 lo.)

211 2972 359 3031 lique,
391 2979 436 3016 et
474 2972 698 3016 ordinarii
741 2971 1030 3028 col‘ifessalii,
1070 2987 1095 3016 a
1129 2973 1204 3016 die
1237 2972 1608 3016 renunciationis
1634 2973 1681 3016 in
1711 2975 1914 3020 triclinio

213 3051 360 3107 sactae,
377 3050 433 3095 ad
450 3050 573 3094 diem
589 3049 904 3094 renovationis
924 3049 1167 3105 inclusive,
1185 3050 1402 3094 laenitate
1416 3049 1622 3107 gaudent
1634 3066 1658 3094 a
1671 3056 1918 3099 reservatis

1968 2213 2020 2241 :lul
