2145 3366
0 1470 30 1499 '110

633 260 896 289 t‘AUPtQRTAs
931 260 983 287 κ’,Χ
1020 259 1194 287 tit<]‹'‘.t'[„.x
1231 259 1273 286 ΙΝ
1307 259 1484 286 (ἱΙῧΧΙῧΗΙῧ
1860 251 1910 285 {iffi

257 438 269 465 1
295 440 502 475 Pumitenti
536 440 776 485 pauperibus
807 439 1012 485 pecuniam
1045 439 1138 474 dare
1171 438 1344 483 cupienti
1370 438 1456 472 ticet
1481 441 1637 473 nostras
1661 438 1913 473 necessitates
1969 444 2003 469 ’.νῦ

205 500 477 536 manifestare.
508 499 737 534 nullatenus
769 502 901 534 tamen
934 498 1109 544 urgendo
1143 495 1192 546 (1).
1221 498 1270 542 Ἠ-
1300 494 1427 546 1584).
1466 498 1572 540 Quod
1609 501 1739 532 tamen
1774 498 1913 532 statuit

205 559 245 595 C.
270 559 332 596 G..
360 559 405 600 11,
431 558 494 596 5315.
523 571 538 591 «
564 568 641 593 non
669 561 728 593 est
756 558 1057 603 intelligendum
1087 558 1134 593 de
1160 559 1353 602 prwcepto
1385 556 1518 591 stricte
1549 560 1706 601 sumpto
1734 557 1807 591 sut»
1830 568 1913 602 pec-

204 622 304 656 cato,
329 618 396 654 sed
419 618 545 653 solum
568 621 608 653 ut
632 618 735 653 seria
757 618 1044 653 commendatio
1071 629 1085 650 »
1112 613 1167 664 (a.
1198 616 1310 659 1603,
1343 616 1453 658 1007,
1487 616 1549 650 [til
1567 613 1613 664 1).

262 691 277 712 «
313 677 440 713 l‘armi
465 678 520 713 les
547 678 656 712 etlets
683 677 729 712 de
753 677 789 711 la
812 678 1014 722 pauvrete‚
1040 676 1067 711 il
1090 676 1173 711 faut
1195 676 1304 711 aussi
1327 678 1500 720 comptor
1521 678 1580 710 cet
1600 685 1695 710 aveu
1722 686 1797 720 que
1818 685 1916 711 nous

205 738 352 774 devons
380 737 476 772 faire
506 737 628 772 d’etre
656 737 923 772 nous-memes
952 737 1019 771 des
1048 745 1217 781 pauvres
1248 735 1316 780 qui
1346 735 1456 770 n'ont
1484 745 1553 780 pas
1575 735 1622 770 de
1649 735 1739 780 quoi
1767 735 1917 770 donner

204 808 282 833 aux
299 800 447 839 autres,
470 797 490 832 a
511 796 638 831 moins
659 796 778 841 qu'ils
797 796 1017 831 n'exercent
1045 796 1080 831 la
1101 796 1243 841 charge
1262 795 1309 830 de
1330 794 1572 839 superienrs.
1597 807 1611 827 »
1631 791 1684 840 (ςι-
1708 794 1747 828 P.
1770 794 1919 829 Ander—

205 857 310 903 ledy‚
330 856 377 891 24
400 856 491 891 maii
513 855 644 901 1885.)
667 856 852 890 Attamen
874 855 1108 890 itinerantes
1130 855 1401 900 eleemosynas
1421 854 1542 889 statui
1564 853 1809 899 paupertatis
1828 864 1918 889 nos—

205 919 276 952 tra·
298 915 575 951 convenientes
596 925 757 961 erogare
779 917 945 960 possunt
970 911 1021 963 (a.
1054 914 1179 959 1013).

264 975 428 1011 Lacroix
458 975 652 1021 permittit
682 977 872 1020 praeterea
906 974 1189 1009 itinerantibus
1218 973 1455 1009 munuscula
1476 984 1523 1008 ex
1543 972 1788 1019 gratitudine
1810 973 1916 1015 dare,

206 1035 425 1071 secuudum
452 1034 792 1070 consuetudinem.
818 1033 984 1069 Licitum
1010 1044 1109 1075 esse,
1132 1033 1201 1075 ait,
1226 1033 1275 1068 iis
1297 1033 1363 1078 qui
1391 1033 1553 1068 Romam
1577 1036 1835 1078 perrexerunt
1857 1033 1921 1078 pia

207 1094 444 1131 munuscula
472 1093 525 1129 ibi
554 1104 681 1130 emere
708 1104 795 1139 qua}
810 1093 995 1139 deinceps
1015 1093 1274 1129 distribuant.
1300 1090 1359 1140 (L.
1385 1093 1448 1133 IV,
1475 1103 1515 1128 n.
1545 1093 1630 1131 122,
1656 1093 1768 1141 2123.)
1786 1092 1920 1128 Licen-

207 1154 303 1190 tiam
322 1157 454 1190 tamen
473 1153 621 1199 requiri
644 1154 754 1189 docet
775 1154 824 1189 ad
846 1154 998 1189 dandas
1021 1164 1083 1188 res
1105 1153 1223 1189 etiam
1245 1162 1404 1198 parvas,
1426 1163 1504 1188 non
1527 1163 1639 1188 secus
1660 1162 1705 1188 ac
1723 1153 1771 1187 ad
1794 1154 1921 1187 vestes

207 1214 462 1250 mutuandas.

262 1274 313 1309 Iis
335 1274 401 1319 qui
425 1283 465 1308 se
488 1273 682 1309 militibus
706 1273 746 1308 in
767 1273 952 1308 Flandria
974 1272 1255 1318 impendebant
1280 1272 1519 1318 permissum
1546 1272 1620 1308 suit
1642 1275 1684 1307 ut
1704 1271 1921 1317 reciperent

208 1334 479 1379 eleemosynas
500 1333 549 1368 ad
568 1333 740 1368 militum
758 1333 1015 1368 necessitates
1034 1332 1300 1378 providendas
1317 1335 1369 1373 (α.
1391 1332 1519 1377 1628).
1540 1332 1703 1367 Summa
1723 1331 1798 1366 500
1818 1332 1923 1366 [ran-

208 1404 343 1429 corum
375 1393 618 1428 militaribus
646 1393 862 1438 capellanis
890 1393 940 1428 ad
967 1392 1072 1428 hunc
1094 1402 1211 1427 usum
1238 1392 1452 1438 quotannis
1473 1392 1731 1437 expendenda
1752 1391 1922 1436 relinqui

208 1456 357 1499 potest3
389 1453 457 1488 sed
484 1453 569 1498 ejus
598 1452 698 1487 ratio
729 1453 778 1487 ab
806 1452 854 1487 iis
883 1452 1075 1497 exigenda
1103 1455 1176 1495 est,
1201 1452 1418 1487 cavendum
1449 1451 1551 1486 enim
1584 1452 1848 1496 maximopere
1875 1461 1922 1485 ne

211 1512 517 1548 introducantur
538 1512 691 1557 peculia
715 1512 752 1558 (4,
773 1512 845 1557 jul.
872 1511 1000 1557 1875).

263 1572 492 1618 Superiores
524 1575 691 1617 possunt
723 1582 792 1617 pro
826 1572 1075 1617 eleemosyna
1105 1571 1422 1607 extraordinaria
1453 1581 1574 1606 unum
1610 1581 1658 1606 ex
1686 1574 1842 1606 centum
1877 1580 1924 1605 ex

208 1632 403 1669 reditibus
428 1631 602 1678 Collegii.
628 1631 734 1667 ultra
761 1631 986 1667 ordmarias
1015 1631 1300 1677 eleemosynas,
1325 1631 1432 1670 dare,
1462 1631 1674 1666 dummodo
1699 1641 1774 1666 aere
1794 1630 1923 1665 alieno

209 1695 372 1739 gravata
394 1692 534 1727 domus
560 1702 638 1727 non
661 1691 712 1727 sit
740 1691 791 1737 (α.
824 1691 952 1737 1646).
985 1691 1038 1727 De
1059 1694 1198 1727 caetero
1225 1691 1275 1726 ad
1302 1691 1587 1726 Provincialem
1612 1690 1783 1736 pertinet
1803 1700 1923 1735 pnes—

208 1752 358 1788 cribere
387 1762 582 1797 quasnam
611 1752 881 1798 eleemosynas
913 1761 1075 1797 erogare
1104 1751 1245 1786 Rector
1274 1751 1399 1796 possit
1427 1751 1489 1799 (lt.
1512 1751 1573 1786 Pr.
1599 1748 1680 1798 96),
1705 1750 1765 1786 vel
1792 1750 1922 1795 potius

209 1812 363 1854 debeat,
382 1822 471 1847 cum
491 1811 651 1846 familia³
673 1811 868 1857 religiosa·
888 1811 1003 1846 modo
1024 1811 1195 1856 quodam
1215 1810 1420 1856 peculiari,
1438 1810 1714 1845 devinciantur
1731 1812 1925 1855 prwcepto

209 1871 387 1907 caritatis
420 1880 512 1917 erga
546 1871 784 1917 indigentes.
820 1868 886 1918 (A.
919 1870 963 1905 R.
989 1871 1029 1905 P.
1061 1870 1221 1912 Mai-tin,
1255 1870 1346 1906 Ord.
1378 1880 1448 1915 pro
1478 1870 1559 1905 reb.
1595 1873 1731 1915 temp„
1765 1879 1804 1904 n.
1838 1868 1922 1917 30.)

210 1930 368 1976 Oportet
397 1933 528 1966 autem
558 1934 600 1966 ut
631 1931 777 1966 caritas
807 1931 991 1966 ordinata
1023 1930 1073 1966 sit
1099 1941 1106 1965 :
1140 1940 1185 1965 ac
1215 1930 1379 1976 proinde
1406 1940 1486 1975 prae
1514 1930 1666 1965 caeteris
1692 1929 1922 1964 Nostrorum

211 1990 353 2038 inopiae
375 1990 690 2027 subveniendum
713 1993 786 2027 est.
811 1987 950 2041 (lbid.)
