2145 3366
150 1048 185 1076 30

154 2482 186 2509 31

242 259 294 296 4ss
953 265 1065 293 PARS
1097 266 1236 294 PRIMA

240 458 309 483 nec
341 447 470 482 valide
500 449 632 492 posset
664 447 713 482 ad
745 457 868 481 novas
901 446 1062 491 nuptias
1093 445 1325 489 convolare;
1361 445 1458 480 hene
1488 454 1579 479 vero
1608 445 1808 479 teneretur
1837 443 1952 479 uxori
1982 459 1986 462 ⁴

240 507 386 553 petenti
408 507 583 542 reddere.
609 506 680 552 (Ct.
706 506 881 543 Suarez..
907 506 933 540 1.
958 516 1008 543 0.,
1034 505 1060 539 l.
1088 505 1134 547 II,
1160 515 1192 540 c.
1218 515 1244 547 1,
1269 515 1308 539 n.
1331 503 1379 539 23
1404 507 1440 539 et
1464 503 1568 549 sqq.)

294 567 348 601 Ex
376 566 521 611 quibus
549 565 717 610 aliisque
749 565 936 600 timendis
966 564 1227 599 incommodis
1256 563 1507 609 intelligitur,
1535 573 1605 598 cur
1632 563 1672 597 in
1700 562 1952 598 matrimonio

242 630 339 663 rato.
377 625 559 671 quamvis
592 635 671 660 non
703 625 753 659 sit
790 624 1117 669 impedimentum
1154 624 1207 668 (α.
1243 622 1358 664 1625,
1392 622 1508 667 1622)
1545 622 1693 657 scilicet
1726 621 1949 663 essentiale,

242 686 524 722 recurrendum
554 688 684 720 tamen
713 684 762 719 ad
786 683 1016 718 Generalem
1048 683 1116 723 (iia
1139 683 1179 717 Ι).
1205 682 1349 718 Natal..
1374 682 1468 725 vic.‚
1494 681 1578 717 sine
1600 682 1706 727 data)
1733 685 1769 716 et
1793 681 1951 726 quidem
1972 671 1993 687 ⁷

240 755 287 781 ex
306 744 547 790 supradictis
567 745 614 779 do
632 743 866 778 necessitate
885 743 934 777 ad
955 742 1128 777 valorem
1149 745 1274 777 actus
1295 755 1308 773 «
1329 741 1623 776 Matrimonium
1644 740 1949 782 clandestinum,

243 805 309 840 ubi
330 804 603 839 'l'ridentinum
628 804 711 847 (seu
741 802 882 837 melius
912 804 1029 847 caput
1056 800 1221 837 Tametsi
1251 801 1427 845 ejusdem
1454 800 1624 845 concilii)
1652 803 1711 835 est
1736 802 1949 845 receptum,

241 875 318 899 non
340 867 399 899 est
426 864 584 908 quidem
617 862 944 907 impedimentum
973 860 1184 896 essentiale
1208 871 1216 894 ε
1247 860 1502 905 rejiciendum
1534 863 1663 894 tamen
1689 859 1737 894 ad
1761 858 1952 904 judicium

241 924 281 959 P.
304 923 348 959 N.
378 937 391 956 »
419 928 469 968 (a.
502 921 629 967 1583).

302 1028 413 1071 Haec
444 1026 786 1084 impedimenta
816 1025 945 1068 irrita
968 1024 1172 1068 reddunt
1198 1029 1297 1067 tum
1318 1028 1421 1066 vota
1447 1023 1691 1081 simplicia,
1718 1028 1815 1065 tum
1837 1022 1951 1065 Pro-

241 1107 510 1150 fessionem.
546 1104 611 1161 (C.
643 1104 718 1159 G.,
748 1103 848 1153 VH,
873 1102 965 1158 42.)
994 1102 1059 1145 Ea
1077 1115 1185 1144 vero
1211 1100 1454 1144 reticuisse
1483 1104 1562 1143 aut
1592 1100 1714 1143 eirca
1742 1112 1795 1142 ea
1817 1112 1950 1142 men-

242 1184 379 1228 titum
409 1197 509 1226 esse
545 1196 655 1226 cum
691 1181 817 1239 gravi
852 1179 1170 1236 incommodo,
1205 1182 1446 1236 peccatum
1484 1183 1555 1221 est
1587 1182 1875 1221 reservatum
1905 1176 1952 1220 in

242 1262 483 1306 Societate.
510 1260 632 1316 (Ex.,
665 1272 735 1314 111,
759 1258 815 1302 A.
841 1284 898 1288 —
920 1257 968 1301 C.
997 1258 1071 1313 G.,
1095 1257 1150 1313 V,
1173 1256 1271 1312 51.)

303 1340 349 1383 Si
380 1338 567 1396 aliquod
607 1351 661 1380 ex
688 1337 762 1379 liis
794 1335 1146 1393 impedimentis
1169 1339 1301 1378 caute
1330 1333 1661 1391 interrogando
1690 1333 1950 1390 detegatur,

242 1432 335 1462 non
359 1422 429 1478 est
450 1430 532 1460 cur
552 1415 673 1459 ultra
701 1414 998 1471 procedatur,
1021 1427 1127 1456 cum
1158 1426 1244 1455 nec
1269 1411 1510 1456 Generalis
1540 1411 1661 1454 cirea
1684 1425 1736 1454 ea
1763 1410 1953 1468 dispen—

242 1510 344 1541 sare
372 1494 535 1553 possit,
567 1493 656 1536 nisi
685 1492 788 1549 quis
818 1491 948 1534 'valde
980 1490 1247 1534 illustribus
1281 1489 1417 1532 donis
1444 1489 1526 1532 Dei
1560 1494 1682 1532 esset
1710 1488 1950 1545 praeditus,

243 1587 333 1632 quo
365 1587 475 1617 casu
506 1570 774 1614 monendus
802 1569 890 1613 erit
912 1568 1156 1613 Generalis
1185 1568 1263 1625 qui
1290 1567 1463 1611 videbit
1484 1580 1542 1610 an
1561 1580 1586 1610 a
1609 1566 1805 1610 Summo
1830 1565 1953 1609 Pon·
1995 1582 1997 1584 ·

242 1651 364 1697 titiee
389 1649 673 1707 dispensatio
698 1647 792 1706 peti
818 1646 1001 1690 debeat.
1029 1645 1163 1703 (Cst.,
1190 1645 1225 1701 I,
1248 1658 1318 1702 111,
1343 1645 1397 1689 G.
1422 1670 1480 1675 ——
1507 1644 1562 1688 R.
1594 1643 1748 1700 Prov.,
1769 1643 1866 1699 35.)

303 1728 386 1773 His
414 1725 767 1786 impedimentis
797 1724 985 1769 additur
1014 1737 1038 1767 a
1070 1723 1117 1767 C.
1145 1722 1192 1767 C.
1218 1723 1271 1767 V.
1304 1723 1370 1779 (11.
1394 1723 1468 1778 52,
1491 1721 1568 1778 53)
1597 1722 1726 1780 origo
1758 1720 1814 1765 ab
1843 1721 1953 1765 Hae·
1991 1766 1997 1774 ,

242 1808 366 1853 breis
384 1812 462 1850 aut
478 1805 736 1859 Saracenis,
759 1817 867 1847 011111
889 1816 941 1846 ea
962 1802 1283 1845 moderatione
1302 1815 1327 1845 a
1345 1801 1392 1844 C.
1410 1801 1463 1845 G.
1480 1800 1540 1844 VI
1557 1800 1713 1857 (1128)
1730 1799 1951 1855 adhibita,

242 1890 292 1929 ut
313 1885 349 1928 si
379 1885 434 1927 de
462 1884 548 1926 hac
579 1882 758 1939 origine
798 1894 890 1923 non
919 1880 1206 1923 infamantur
1241 1878 1444 1936 publice,
1481 1877 1807 1936 inquisitiones
1834 1876 1955 1920 ultra

242 1963 456 2021 quintam
490 1960 841 2018 generationem
889 1971 983 2001 non
1026 1957 1154 2001 fiant.
1193 1956 1530 2000 Saracenorum
1568 1960 1725 1999 autem
1765 1955 1954 1998 nomine

242 2042 474 2094 Tartaros,
520 2038 898 2091 Mahumetanos,
939 2035 1149 2093 aliosque
1180 2034 1483 2078 circumcisos
1520 2038 1648 2077 extra
1679 2032 1952 2091 Hispaniam
2079 2044 2089 2061 ·,

243 2133 337 2162 non
361 2116 700 2174 comprehendi
723 2114 974 2158 declararit
994 2113 1136 2171 (long.
1158 2113 1327 2157 Gener.
1345 2112 1406 2156 VI
1426 2112 1490 2168 (tl.
1506 2111 1605 2167 ⁶28).
1628 2116 1672 2154 et
1692 2124 1775 2168 pro
1796 2111 1852 2154 iis
1874 2110 1954 2168 qui

243 2211 298 2242 ex
330 2195 601 2253 hujusmodi
630 2192 906 2252 parentibus
942 2192 1030 2235 orti
1065 2197 1235 2246 essent,
1266 2190 1521 2248 Prteposito
1553 2188 1769 2232 Generali
1796 2194 1952 2245 potes-

244 2282 385 2321 tatem
411 2272 714 2331 dispensamli
745 2271 889 2315 dedit.
914 2270 1002 2313 Pro
1031 2269 1132 2314 aliis
1162 2283 1271 2313 vero
1299 2267 1706 2325 impedimentum,
1741 2266 1953 2324 quamvis

243 2368 336 2398 non
364 2353 571 2407 irritans,
603 2355 673 2394 est
693 2347 1061 2407 indispensa];›ile
1077 2347 1103 2390 ¹.

298 2469 309 2495 1
334 2470 513 2515 Rejectus
542 2470 601 2503 est
628 2467 857 2502 adolescens
886 2476 933 2501 ex
961 2464 1136 2500 Hebrads
1166 2466 1277 2498 ortus
1306 2475 1320 2495 «
1347 2461 1420 2497 etsi
1447 2464 1629 2507 parentes
1650 2460 1735 2506 ejus
1756 2471 1777 2496 a
1805 2460 1953 2496 decimo
1987 2507 1990 2510 y

245 2535 354 2567 sexto
385 2530 510 2573 gradu
541 2530 577 2563 01
606 2528 711 2562 ultra
740 2537 811 2572 pro
842 2526 957 2561 bonis
988 2524 1225 2560 Christianis
1254 2522 1380 2557 habiti
1408 2524 1500 2557 sunt
1531 2534 1544 2553 »
1578 2521 1630 2566 (a.
1655 2521 1716 2556 Pr.
1741 2520 1950 2561 Flandriae,

246 2592 267 2626 3
291 2591 372 2626 dec.
405 2588 538 2633 mim:
563 2590 597 2623 et
622 2586 722 2621 alter
743 2586 782 2620 in
805 2586 918 2630 cujus
938 2584 1090 2619 familia
1112 2584 1189 2619 duo
1214 2581 1444 2618 Cardinales
1467 2581 1621 2616 fuerant
1645 2584 1697 2623 ((1.
1728 2579 1840 2625 1625)
1862 2580 1954 2625 quia

245 2650 448 2686 constabat
479 2658 561 2682 eam
596 2646 797 2681 Helu-want
830 2645 1021 2687 originem
1053 2644 1210 2678 habere.
1238 2663 1283 2666 ——
1316 2642 1360 2676 Et
1388 2642 1528 2675 iteruin
1555 2640 1603 2674 ad
1626 2639 1737 2674 Prov.
1765 2639 1950 2674 l³landr.:

249 2725 263 2743 11
298 2710 380 2745 Filii
412 2709 662 2743 llebrworum
696 2716 819 2749 usque
847 2705 895 2738 ad
935 2705 975 2738 111
1003 2704 1169 2749 gradum
1198 2713 1274 2736 non
1308 2704 1401 2735 sunt
1429 2699 1662 2734 admittendi
1695 2712 1709 2731 »
1741 2704 1794 2739 (11.
1825 2699 1952 2744 loto).

246 2772 336 2814 131111ι
363 2767 566 2813 responsio
591 2769 631 2801 111
660 2765 921 2809 intelligatur,
945 2764 1109 2798 dicenda
1133 2765 1190 2797 est
1211 2765 1278 2796 aut
1299 2761 1434 2795 eadem
1456 2770 1540 2794 esse
1566 2770 1608 2793 ac
1631 2759 1750 2803 prior.
1776 2759 1842 2793 scd
1870 2758 1954 2803 ejus

247 2840 404 2865 sensum
434 2837 571 2871 parum
596 2828 730 2859 exacte
760 2824 917 2858 reterre.
943 2827 1010 2857 aut
1033 2826 1199 2866 utraque
1226 2831 1359 2855 casum
1388 2819 1578 2864 respicere
1603 2828 1678 2863 quo
1701 2818 1769 2852 illa
1789 2818 1953 2863 originis

247 2890 355 2926 labes
390 2885 611 2921 innotescit.
646 2904 693 2908 —
721 2896 735 2916 «
772 2882 988 2918 Moderatio
1013 2893 1034 2916 a
1056 2883 1196 2926 tlongr.
1221 2880 1284 2915 VI.
1310 2880 1346 2915 d.
1375 2879 1437 2915 28.
1464 2879 1565 2913 [acta
1589 2888 1706 2922 super
1726 2878 1879 2912 decreto
1903 2876 1952 2912 52

247 2953 283 2985 et
309 2958 395 2984 ean.
421 2947 457 2987 3,
491 2945 632 2990 Congr.
656 2943 701 2986 V,
735 2942 967 2978 excludente
994 2951 1128 2976 omnes
1156 2939 1316 2975 omnino
1343 2939 1391 2974 ab
1418 2938 1495 2973 ista
1514 2940 1628 2984 gente
1656 2937 1948 2978 descendentes,

248 3019 325 3047 non
349 3009 450 3043 111101
478 3005 535 3040 1111
565 3003 677 3049 cujus
707 3002 889 3048 majores,
916 3000 1069 3037 nobiles
1098 3000 1255 3046 quidem
1284 3002 1318 3035 ct
1348 2998 1458 3035 bona=
1479 2996 1784 3034 existimationis
1805 2996 1951 3035 haben·
1978 2998 1981 2999 ⁷
