2145 3366
132 1245 183 1272 401

125 2743 176 2770 402

248 263 327 302 354
931 273 1043 302 PARS
1074 273 1268 303 SEPTIMA

248 470 395 503 RASSE
422 471 476 502 SE
502 459 552 501 in
576 459 659 501 tali
692 459 910 502 erectione
939 471 1034 501 non
1075 458 1160 501 loci
1195 459 1381 515 ejusque
1414 459 1625 515 fidelium
1657 460 1950 504 commodum

246 537 513 593 respexisse,
539 535 616 578 secl
638 547 801 578 ORDINI
829 547 919 578 ILLI
947 546 1112 578 DONUM
1138 547 1364 579 VOLUISSE
1387 547 1647 580 CONFERRE.
1674 536 1724 595 (l.
1749 551 1785 581 c.
1817 536 1889 596 V.)

289 660 304 678 ‹<
325 648 369 679 N.
388 648 429 679 B.
448 665 488 670 —
505 647 645 688 Regulae
670 647 734 678 sub
762 655 909 678 numero
936 646 1145 687 praecedenti
1163 651 1196 678 et
1212 647 1276 679 sub
1294 647 1360 679 hoc
1378 648 1510 680 traditae
1527 647 1576 690 (1a
1593 652 1626 680 et
1643 649 1690 691 2³)
1710 649 1825 690 quoad
1838 648 1897 690 jus
1913 649 1950 681 in

244 695 476 735 fundationes,
495 698 576 726 sunt
592 693 805 735 applicandae
822 693 865 725 ad
883 703 987 726 novas
1005 697 1140 725 tantum
1158 694 1380 727 fundationes
1398 695 1524 737 (ibid.).

307 813 327 840 ((
360 797 404 841 3ίι
430 797 622 854 Regula.
652 796 688 839 E
715 809 955 850 converso,
988 807 1029 839 sl
1052 808 1328 840 CERTISSIME
1356 809 1562 841 CONSTET
1578 810 1950 842 BENEFACTOREM

245 875 501 918 declarasse
521 888 566 917 se
596 873 761 917 Ordini
774 855 959 916 ¹olonum
981 874 1178 935 voluisse
1206 874 1427 931 conferre,
1451 887 1538 917 VEL
1566 886 1608 918 SI
1630 888 1814 919 FUNDUS
1837 888 1950 919 EMP—

243 964 329 996 TUS
357 964 428 994 SIT
454 964 545 995 AUT
572 962 831 994 AEDIFICIUM
854 962 1195 994 CONSTRUCTUM
1229 952 1490 1008 sumptibus
1525 953 1723 1008 alicujus
1755 953 1950 1009 familiae

240 1029 477 1086 rcliyiosae,
503 1028 672 1071 horum
701 1026 965 1071 dominium
988 1027 1221 1084 adipsum
1243 1026 1469 1071 Ordinem
1491 1028 1708 1085 pertinet.
1734 1028 1828 1088 (Cf.
1855 1029 1884 1073 l.
1910 1042 1946 1073 c.

249 1105 297 1160 V,
331 1103 456 1164 VH.)

301 1253 322 1277 «
358 1235 416 1279 Π.
447 1235 517 1279 ΒΕ
536 1247 675 1279 BONIS
698 1247 968 1291 MOBILIBUS‚
994 1247 1340 1292 SUPELLECTILI,
1372 1240 1459 1280 etc.

299 1356 320 1384 ((
354 1340 397 1384 1³
423 1339 617 1397 Regula.
643 1339 696 1384 Si
715 1341 972 1397 yeneratim
997 1340 1300 1397 proventibus
1332 1339 1565 1395 Ecclesiae,
1599 1341 1669 1383 vel
1696 1340 1829 1384 donis
1855 1341 1949 1385 sive

239 1418 435 1462 collectis
459 1416 895 1475 Conyreyationis...
925 1417 1102 1474 fuerint
1121 1416 1211 1460 hoec
1230 1417 1505 1473 conquisita,
1532 1418 1719 1461 omnino
1738 1419 1949 1462 missioni

238 1495 427 1540 addicta
454 1494 648 1539 dicenda
673 1496 795 1549 sunt,
820 1507 966 1551 neque
986 1494 1084 1538 ullo
1101 1497 1239 1551 pacto
1262 1494 1364 1538 licet
1389 1494 1621 1538 sacerdoti
1643 1496 1737 1551 (aut
1757 1494 1948 1539 familiae

237 1573 479 1631 religiosae)
502 1585 556 1616 ea
576 1572 664 1616 sibi
684 1571 937 1616 vindicare.
963 1571 1013 1631 (l.
1037 1585 1073 1616 c.
1091 1571 1201 1626 XII,
1225 1569 1319 1629 20.)

301 1675 321 1702 ((
355 1659 399 1703 2³
425 1658 623 1718 Regula.
662 1657 984 1703 Communiter
1014 1659 1154 1702 etiam
1187 1658 1484 1714 censendum,
1520 1659 1612 1702 nisi
1641 1671 1947 1704 CONTRARIUM

236 1749 397 1788 PATEOE,
419 1737 565 1794 juxta
583 1737 798 1794 reyulam
819 1737 869 1779 in
886 1737 994 1793 Jure
1016 1736 1257 1791 traditam,
1285 1749 1352 1791 ea,
1379 1749 1479 1793 quae
1499 1736 1820 1781 ecclesiasticis
1846 1737 1945 1781 usi-

237 1815 318 1859 bus
349 1817 462 1871 apta
492 1814 730 1857 donantur
761 1814 860 1858 viro
891 1814 1207 1870 missionario‚
1245 1826 1336 1856 esse
1368 1814 1582 1857 missioni
1613 1813 1801 1858 donata.
1828 1813 1878 1874 (l.
1904 1828 1940 1858 c.

233 1889 393 1948 XIII.)

296 1994 317 2019 «
350 1978 394 2021 3³
420 1977 612 2036 Regula.
647 1978 720 2020 Ea
740 1990 843 2020 vero
873 1991 974 2034 quze
997 1977 1289 2033 personalem
1322 1975 1491 2020 liabent
1527 1989 1682 2033 usum,
1713 1977 1804 2034 ipsi
1832 1977 1946 2020 data

232 2059 525 2112 reputantur,
557 2055 692 2098 sicuti
723 2055 865 2097 etiam
893 2068 964 2097 res
995 2067 1152 2108 sacrae,
1179 2055 1219 2096 si
1246 2066 1456 2110 expresse
1482 2053 1624 2097 veluti
1649 2054 1776 2111 grati
1797 2054 1945 2098 animi·

235 2136 274 2176 et
292 2133 482 2188 affectus
493 2133 665 2189 pignus
681 2145 709 2174 a
727 2130 1092 2188 Conyreyatione
1107 2127 1336 2173 sacerdoti
1349 2131 1492 2173 cuivis
1512 2130 1764 2174 donantur.
1779 2131 1828 2189 (I
1828 2131 1905 2174 bid
1913 2167 1920 2174 .
1923 2129 1943 2187 l

295 2235 315 2259 «
349 2203 393 2262 [ἐ
419 2218 612 2276 Regula.
643 2217 707 2260 Ea
736 2230 840 2274 quae
871 2217 964 2260 sive
987 2230 1044 2259 ecc
1067 2217 1261 2273 proprio
1296 2216 1493 2272 peculio,
1526 2217 1619 2259 sive
1644 2216 1943 2273 familiarum

231 2297 319 2339 sibi
353 2297 461 2339 bene
495 2296 769 2351 affectarum
805 2294 951 2348 donis,
986 2295 1078 2336 sive
1103 2293 1288 2337 tandem
1307 2307 1365 2336 coc
1396 2307 1450 2336 ea
1476 2296 1615 2350 parte
1634 2296 1943 2350 proventuum

232 2373 446 2416 Ecclesiae
465 2386 564 2429 quae
589 2372 677 2415 sibi
698 2372 911 2428 competit
925 2384 1014 2427 pro
1027 2384 1115 2414 sua
1137 2370 1326 2413 honesta
1352 2371 1701 2427 sustentatione,
1726 2371 1940 2414 sacerdos

230 2451 318 2494 sibi
338 2450 690 2507 comparaverit,
725 2448 940 2491 habenda
961 2450 1095 2491 erunt
1115 2450 1168 2490 ut
1189 2448 1403 2504 propria,
1434 2448 1616 2490 ratione
1652 2461 1831 2504 semper
1852 2447 1938 2491 ha-

233 2528 329 2570 bita
356 2527 654 2584 obligationis
687 2525 990 2569 conservandi
1019 2525 1068 2567 in
1101 2525 1215 2568 bono
1243 2526 1371 2568 statu
1392 2538 1446 2567 ea
1473 2538 1572 2580 quae
1602 2525 1789 2581 accepit.
1821 2523 1871 2583 [l.
1899 2539 1935 2568 c.

231 2604 340 2659 XII,
373 2602 460 2662 10.)

294 2750 314 2775 «
350 2733 432 2777 ΙΙΙ.
463 2733 531 2776 DE
552 2742 891 2786 PROVENTIBUS,
916 2743 1180 2787 REDITIBUS,
1205 2741 1516 2786 HONORARIIS,
1545 2742 1741 2774 JURIBUS
1763 2741 1933 2775 STOLAE,

295 2855 315 2879 «
343 2838 384 2881 1³
406 2836 599 2895 Regula.
626 2836 840 2879 Pecuniae
862 2848 962 2891 quie
979 2849 1007 2878 a
1023 2835 1236 2891 fidelibus
1259 2835 1618 2878 contribuuntur
1638 2835 1787 2878 modis
1809 2836 1935 2892 infra

231 2915 528 2969 2·e‹;÷e›zse›2clis‚
555 2912 771 2957 habendae
790 2915 897 2955 sunt
913 2925 1000 2969 pro
1023 2912 1159 2956 bonis=
1181 2911 1418 2967 Ecclesiae,
1444 2924 1538 2954 non
1557 2924 1640 2968 pro
1665 2913 1933 2956 muneribus

234 2994 353 3035 <latis
381 2992 606 3036 sacerdoti
630 2992 723 3046 (aut
744 2988 932 3032 familiae
954 2989 1211 3048 religiosae).
1235 2988 1286 3048 (l.
1311 3003 1348 3031 c.
1375 2986 1481 3046 IX.)
