2145 3366
645 263 904 290 i’At'i’icss'l'As
940 263 995 290 {CX
1030 262 1204 289 ΗΕΓ-ΓΒΛ
1242 262 1284 289 IN
1318 262 1499 289 (ll-INICIIIC
1876 255 1926 287 811

222 443 264 475 ut
286 442 472 486 perpetuo
492 439 656 474 doceant
677 448 810 473 sacras
832 438 1066 473 lectiones...
1086 437 1140 472 ita
1157 439 1195 471 ut
1216 437 1423 482 collegium
1443 438 1490 471 ad
1513 447 1579 472 eas
1602 442 1757 473 mancat
1778 438 1926 483 obliga-

221 503 304 534 tum
326 510 404 535 non
424 498 605 534 donatori
635 497 694 532 vel
727 497 942 534 fundatori.
967 497 1034 532 sed
1065 495 1246 532 Generali
1269 497 1471 531 mandanti
1499 509 1506 535 ς
1529 500 1565 531 et
1589 498 1688 531 ratio
1711 498 1829 531 allata
1855 496 1928 532 luit

219 559 295 594 ista
317 559 419 604 quod
452 558 682 593 mandatum
715 557 821 591 istud
849 556 1052 592 Generalis
1074 555 1248 591 revocari
1276 556 1442 601 possita
1465 566 1712 593 successore:
1738 557 1928 601 obligatio

218 621 349 654 autem
370 619 469 653 facta
493 617 730 653 benefactori
756 616 795 651 in
817 619 1021 651 contractu
1040 616 1091 651 sit
1106 615 1377 650 irrevocabilis
1401 628 1414 647 »
1442 615 1494 660 (a.
1519 626 1607 650 cum
1629 616 1719 658 CC„
1750 614 1879 661 1:598).

273 679 316 713 In
338 678 463 723 specie
494 678 540 712 ‹h›
570 676 824 711 Missionibus
859 685 1091 720 responsum
1124 675 1197 710 tuit
1222 674 1285 719 (26
1308 685 1398 719 aug.
1433 675 1553 723 1834)
1583 675 1853 710 [undationem
1880 675 1926 709 ad

219 737 491 772 missionarios
519 736 680 771 alendos
706 735 830 780 accipi
852 745 979 780 posse,
1002 737 1133 780 patere
1154 745 1200 769 ex
1222 734 1326 769 decr.
1349 734 1490 779 Congr.
1516 734 1606 777 xl1;
1633 735 1779 769 scilicet
1810 744 1927 778 argu—

219 800 349 832 mento
371 797 552 832 deducto.
577 795 687 830 Circa
718 795 820 839 quod
846 798 975 830 tamen
1005 797 1115 829 notes
1136 793 1283 839 pluries
1305 793 1549 828 declaratum
1570 794 1780 829 missiones
1803 794 1928 839 gratis

219 856 439 898 facienda53
473 865 541 890 nec
572 854 736 900 proinde
769 854 1000 890 Societatem
1033 853 1312 888 Generalemve
1351 863 1465 898 posse
1499 853 1707 888 instituere
1747 854 1928 889 redditus

217 918 426 961 perpetuos
448 917 489 950 ut
511 924 576 950 eos
608 914 788 949 missioni
820 913 1005 959 applicet,
1028 923 1098 948 nec
1125 923 1191 947 eas
1223 913 1381 947 fundari
1414 923 1527 958 posse
1557 913 1617 948 vel
1649 923 1810 957 capaces
1842 923 1929 948 esse

217 974 447 1010 reddituum
475 973 681 1009 stabilium
710 973 763 1016 (a.
795 972 907 1015 1594,
946 972 1060 1015 1620,
1096 971 1226 1017 1643).
1260 972 1357 1007 Hinc
1388 982 1459 1007 nec
1489 972 1652 1017 collegia
1685 982 1755 1007 nec
1789 972 1929 1007 domus

217 1034 374 1079 capacia
393 1043 478 1069 esse
498 1033 785 1078 obligationum
807 1032 983 1067 civilium
1003 1032 1052 1067 ad
1076 1031 1298 1072 missiones,
1324 1032 1391 1066 sed
1414 1031 1540 1066 solum
1563 1041 1610 1066 ex
1631 1031 1808 1069 caritate.
1835 1031 1928 1066 fide-

217 1093 327 1128 litate
347 1103 415 1128 seu
435 1092 622 1128 mandato
644 1091 848 1137 Praepositi
879 1091 1083 1126 Generalis
1105 1088 1160 1129 (a.
1190 1088 1330 1139 1650:
1356 1091 1507 1126 nullam
1529 1101 1577 1126 ex
1595 1093 1799 1126 contractu
1821 1091 1929 1126 civili

217 1152 503 1188 admittendam
527 1151 808 1197 obligationem
836 1154 978 1196 praeter
999 1150 1109 1185 illam
1130 1160 1247 1195 quam
1267 1150 1363 1195 ipsae
1385 1150 1712 1194 Constitutiones,
1737 1150 1927 1195 Superio-

217 1222 280 1248 res
301 1215 338 1247 et
359 1211 536 1247 studium
568 1210 845 1246 benemerendi
867 1211 913 1245 de
942 1210 1070 1245 salute
1100 1210 1324 1245 animarum
1352 1210 1465 1245 nobis
1494 1209 1702 1255 imponunt
1725 1206 1781 1258 (a.
1809 1209 1924 1253 1610,

220 1271 335 1314 1625,
363 1270 478 1312 1626,
506 1270 622 1313 1628,
650 1270 784 1310 1634).
809 1270 939 1305 Potest
961 1272 1092 1304 tamen
1114 1269 1279 1314 pecunia
1300 1269 1491 1314 applicari
1512 1269 1632 1304 alicui
1654 1269 1817 1315 collegio
1838 1279 1926 1305 cum

217 1341 333 1366 onere
354 1334 396 1367 ut
418 1331 467 1366 ad
499 1340 661 1365 censum
693 1330 920 1372 collocetur,
945 1331 982 1364 et
1003 1339 1050 1364 ex
1068 1329 1199 1364 fructu
1227 1339 1360 1363 annuo
1392 1328 1489 1364 fiant
1520 1329 1745 1372 missiones,
1771 1331 1927 1364 susten-

217 1393 350 1425 tentur
370 1390 429 1425 illi
450 1390 518 1435 qui
549 1390 758 1425 missiones
788 1389 970 1431 obibunt,
1001 1388 1239 1434 quicumque
1259 1388 1318 1423 illi
1341 1389 1435 1430 sint,
1460 1391 1497 1424 et
1521 1392 1755 1434 procuretur
1782 1388 1928 1424 bonum

218 1450 420 1485 missionis
439 1446 495 1498 (a.
524 1449 639 1491 1637,
670 1448 786 1491 1642,
823 1446 955 1497 1594).
989 1448 1064 1483 Nec
1098 1448 1265 1483 tortasse
1298 1448 1561 1483 omittendum
1592 1448 1802 1484 missiones
1830 1458 1929 1493 quas

217 1509 433 1555 acceptavit
455 1508 495 1544 C.
521 1508 584 1551 G.,
609 1509 694 1551 XII,
725 1509 970 1554 praelaudato
1000 1508 1155 1543 decreto
1177 1507 1242 1549 27,
1270 1507 1521 1542 fundatorem
1549 1507 1733 1543 Societati
1768 1521 1782 1541 «
1817 1509 1929 1554 J'uxta

216 1569 393 1615 ejusdem
413 1568 518 1614 leges
539 1571 576 1604 et
598 1568 833 1604 Institutum
855 1567 1087 1603 commissas
1111 1567 1358 1612 traditasque
1378 1567 1565 1603 voluisse.
1604 1580 1619 1601 »

269 1639 285 1666 Β
305 1641 406 1677 Ante
427 1641 467 1677 C.
493 1640 555 1684 G.,
580 1641 625 1683 V,
644 1637 798 1689 (1593),
819 1640 1080 1675 dubitabatur
1101 1642 1236 1674 utrum
1257 1639 1368 1675 locus
1390 1639 1488 1682 Cst.,
1514 1640 1577 1683 VI,
1595 1640 1632 1684 7,
1647 1640 1861 1686 pertineret
1879 1641 1929 1676 ad

216 1701 424 1737 materiam
460 1700 541 1736 voti
583 1700 643 1735 vel
684 1700 855 1746 regulaez
880 1698 1192 1735 controversiam
1235 1698 1495 1745 Congregatio
1531 1710 1609 1734 non
1653 1699 1826 1742 diremit,
1861 1700 1928 1735 sed

217 1762 371 1797 decreto
401 1760 465 1803 27,
498 1760 700 1805 prohibuit
732 1769 781 1795 ne
811 1759 885 1794 hac
924 1759 963 1794 ln
989 1758 1279 1794 Constitutione
1307 1759 1620 1804 dispensaretur.
1664 1756 1736 1808 (Cf.
1768 1760 1926 1803 Suarez,

217 1821 244 1856 1.
270 1821 332 1863 lv,
354 1830 388 1856 0.
412 1830 496 1862 vm,
521 1830 561 1855 n.
586 1819 608 1855 6
630 1822 666 1855 et
688 1816 796 1867 sqq.)
816 1819 914 1854 Hinc
929 1819 969 1854 P.
994 1818 1184 1853 Claudius
1205 1815 1345 1866 (1598)
1364 1818 1549 1854 distinxit
1564 1818 1667 1854 inter
1687 1818 1930 1866 stipendium

217 1883 254 1916 et
279 1879 561 1926 eleemosynam
587 1879 632 1915 in
661 1878 1027 1926 compensationem,
1066 1888 1219 1913 necnon
1249 1878 1354 1913 inter
1384 1878 1607 1913 ministeria
1642 1888 1757 1914 sacra
1785 1882 1822 1914 et
1850 1889 1929 1915 non

215 1949 359 1976 sacra:
383 1942 525 1975 notans
555 1938 660 1974 enim
682 1938 895 1973 formulam
926 1937 1104 1973 Instituti
1126 1947 1148 1973 a
1167 1937 1272 1973 Julio
1295 1937 1346 1972 III
1369 1938 1575 1983 probatam
1597 1938 1705 1983 loqui
1733 1939 1861 1974 solum
1882 1939 1930 1974 de

217 1999 426 2045 stipendiis
439 2009 509 2044 pro
525 1998 759 2033 ministeriis
774 1997 913 2041 sacris,
929 1997 1128 2033 concludit
1142 2007 1227 2032 esse
1245 2000 1381 2032 contra
1398 1998 1574 2043 regulam
1589 2000 1742 2033 tantum
1755 1998 1929 2044 accipere

216 2059 508 2104 eleemosynam
537 2068 608 2104 pro
642 2057 782 2101 sacris,
813 2057 874 2093 vel
909 2057 1153 2103 stipendium
1188 2067 1258 2102 pro
1292 2067 1371 2092 non
1406 2057 1562 2092 sacris:
1588 2057 1830 2093 subaudiens
1860 2058 1928 2093 ubi

215 2118 484 2154 intercesserit
513 2117 646 2153 valida
676 2117 848 2160 licentia,
881 2126 993 2152 secus
1023 2117 1198 2162 acceptio
1226 2117 1326 2162 ipsa,
1349 2127 1396 2152 ex
1426 2117 1580 2153 defectu
1610 2117 1792 2160 licentiae,
1827 2120 1928 2153 esset

216 2177 494 2224 proprietaria.

268 2238 376 2273 Hanc
394 2237 637 2280 facultatem,
661 2247 708 2272 ex
726 2237 881 2272 decreto
904 2236 968 2280 27,
990 2236 1028 2272 C.
1056 2236 1120 2283 G.,
1141 2237 1186 2279 V,
1212 2236 1442 2282 Superiores
1458 2236 1598 2272 saltem
1615 2237 1721 2273 licite
1739 2237 1832 2272 dare
1849 2247 1929 2272 non

216 2299 397 2344 poterant
431 2293 498 2345 (ct.
541 2296 700 2339 Suarez,
733 2297 761 2332 1.
796 2293 881 2346 c.):
917 2298 1052 2332 utrum
1090 2296 1234 2339 valide,
1275 2306 1390 2331 omne
1426 2296 1591 2332 dubium
1628 2297 1833 2332 sublatum
1869 2300 1928 2332 est

216 2367 239 2393 a
257 2356 297 2392 C.
321 2356 383 2399 G.,
408 2357 491 2399 XII,
513 2356 551 2399 d,
576 2355 625 2391 39
649 2353 813 2405 (1682);
838 2366 885 2391 ex
908 2366 984 2401 quo
1007 2355 1048 2392 in
1062 2355 1197 2403 praxi,
1224 2356 1375 2401 quaevis
1403 2356 1590 2401 stipendii
1621 2357 1928 2402 eleemosynaeve

216 2417 257 2453 in
278 2416 638 2462 compensationem
660 2416 832 2461 acceptio
851 2415 926 2451 fuit
946 2418 1083 2451 contra
1104 2418 1254 2451 votum.

275 2526 389 2581 Quae
417 2527 482 2570 sic
510 2527 748 2570 donantur
774 2531 826 2570 ut
847 2527 1116 2584 conjectura
1140 2526 1242 2570 fieri
1265 2526 1410 2583 possit
1434 2526 1601 2570 donata
1629 2539 1730 2569 esse
1753 2526 1925 2570 intuitu

216 2605 482 2661 ministerii,
508 2618 602 2649 non
623 2604 909 2648 admittenda
931 2608 1040 2648 sunt
1061 2604 1211 2647 (101100
1239 2604 1421 2647 donans
1443 2603 1672 2661 intelligat
1693 2603 1809 2646 nihil
1832 2604 1923 2646 nisi

216 2683 406 2726 nomine
432 2696 562 2740 purae
594 2687 638 2725 et
665 2682 826 2725 liberae
861 2681 1173 2740 eleemosynae
1201 2695 1286 2725 nos
1319 2681 1531 2738 accipere
1563 2694 1712 2737 posse.
1749 2680 1814 2732 (C.
1848 2680 1920 2735 G.,

215 2760 320 2815 XII,
344 2760 422 2815 403
447 2786 505 2790 —
533 2759 655 2816 XIV,
682 2760 760 2812 253
786 2786 844 2790 —
872 2759 992 2815 XVI,
1017 2760 1096 2815 2113
1125 2786 1182 2790 —-
1210 2759 1309 2815 (eliz,
1335 2772 1366 2813 1,
1391 2758 1507 2811 143¹
1539 2758 1587 2801 Id
1614 2758 1769 2814 ipsum
1799 2758 1923 2815 quod

216 2837 305 2881 fuit
327 2851 583 2894 expensum
605 2851 688 2894 pro
719 2837 887 2880 itinere
920 2838 1039 2895 exigi
1070 2832 1164 2881 nen
1195 2837 1333 2880 (lebet
1366 2841 1587 2893 tanquam
1619 2835 1918 2892 stipendium.

217 2914 283 2966 (C.
316 2915 390 2971 G.,
417 2914 539 2969 XIV,
568 2914 662 2968 25.)
690 2914 952 2972 Nequidem
986 2915 1093 2959 licet
1120 2914 1482 2971 eleemosymun,
1513 2926 1596 2970 pro
1632 2913 1781 2956 chln'lu
1809 2926 1923 2969 pau-

214 2992 408 3050 peribus
435 2992 825 3048 distribuendam,
859 3006 943 3051 pro
976 2993 1117 3036 missa
1149 2993 1373 3050 accipere.
1401 2990 1467 3043 (C.
1495 2990 1568 3045 G.,
1595 2990 1714 3045 XVI,
1739 2989 1832 3044 2¹1.)

1985 677 2018 703 si

1982 2541 2017 2567 85
