2145 3366
11 475 48 503 sen-

0 533 48 563 iiia-

1 584 50 623 iiiiii

4 649 50 689 quod

3 703 49 744 5981:

6 836 51 875 imus

0 906 49 935 essa.

7 956 51 994 ionis

2 1089 53 1126 edulo

571 287 888 315 oomncmonuu
922 287 1010 315 rusv
1020 287 1170 319 uxrio,
1208 287 1472 315 pissonu'rio
1801 279 1879 315 2395)

230 462 291 506 At
317 463 364 505 in
391 463 608 521 Collogiis
638 463 885 518 inchoatis,
917 463 964 505 in
987 462 1158 519 quibus
1188 462 1399 506 nondum
1429 462 1641 517 docetur,
1674 462 1743 506 vel
1773 464 1883 519 (spolia

169 554 264 584 non
298 540 433 597 plane
471 540 623 583 adhue
660 540 914 584 constituta
952 545 1079 595 sunt,
1112 540 1179 583 vel
1210 540 1317 596 quia
1355 539 1664 593 aedifioantur,
1707 540 1885 584 videbit

169 617 410 662 Generalis
456 631 513 660 an
560 632 614 660 ex
661 617 970 674 eleemosynis
1019 622 1099 659 aut
1142 630 1197 659 ex
1243 616 1475 661 reditibus
1522 617 1681 661 Nostri
1731 618 1884 661 vivere

169 693 385 738 debeant.
418 693 481 745 (C.
508 694 583 748 G„
616 694 699 749 III,
738 694 884 737 13-
912 694 976 737 Cf.
1009 694 1150 750 Epit.,
1183 693 1232 737 P.
1266 693 1322 749 II,
1356 694 1520 748 1121.)

230 770 294 813 De
317 770 626 813 retributione
655 784 761 814 vero
786 771 833 814 in
862 770 1100 814 modernis
1126 770 1298 814 nostris
1321 776 1626 815 externorum
1648 771 1882 829 Collegiis,

175 847 233 891 of.
266 861 423 904 supra,
457 848 536 891 ubi
566 847 623 890 de
652 853 925 905 paupertate
955 862 1011 891 ex
1039 847 1216 905 regula,
1247 862 1292 891 n.
1323 848 1395 892 88.

229 960 241 987 ¹
264 963 511 1008 Responsum
531 963 605 998 fuit
626 963 766 999 saltem
796 963 938 1009 viginti
959 974 978 998 6
999 963 1076 998 ΝΝ.
1101 963 1152 998 ali
1176 973 1291 1008 posse
1321 964 1462 999 debere
1490 966 1532 999 ut
1553 964 1643 1009 quis
1664 964 1705 999 in
1733 964 1886 999 Funda-

175 1026 298 1058 torem
325 1023 560 1058 admittatur
581 1023 633 1068 (a.
664 1022 792 1067 1654),
817 1026 854 1058 et
878 1026 1067 1058 consonat
1095 1023 1250 1058 decreto
1273 1023 1320 1058 27
1344 1023 1385 1058 C.
1411 1023 1473 1066 G.,
1498 1024 1598 1059 VIII.
1623 1023 1887 1058 Nihilominus

174 1082 257 1117 haec
274 1082 410 1127 regula
434 1082 543 1117 vario
571 1082 685 1117 modo
713 1082 948 1127 applicanda
971 1083 1045 1118 fuit
1066 1092 1136 1127 pro
1168 1083 1359 1118 varietate
1393 1086 1629 1128 temporum,
1654 1083 1829 1118 locorum
1850 1085 1886 1117 et

175 1142 459 1177 conditionum.
486 1141 542 1176 Ita
561 1141 736 1176 admissa
756 1141 830 1176 iuit
847 1141 888 1176 in
910 1142 1110 1184 Hibernia,
1131 1142 1402 1185 utsuillciens,
1419 1142 1566 1178 dotatio
1585 1142 1705 1185 6,000
1719 1145 1888 1177 scutato—

174 1202 328 1247 ru1n(‹z.
352 1201 479 1246 1641),
499 1201 593 1236 dum
612 1204 754 1246 negata
770 1201 844 1236 iuit
859 1201 899 1236 in
912 1201 1129 1243 Lusitania,
1150 1211 1220 1246 pro
1232 1201 1472 1244 Residentia‚
1495 1212 1651 1237 summa
1666 1201 1787 1241 9,000
1803 1212 1887 1237 scu-

174 1263 347 1296 tatorum
371 1259 423 1306 (a.
453 1260 566 1305 1652)
592 1272 598 1294 :
624 1261 664 1295 in
689 1260 877 1295 Hibernia
905 1260 1010 1295 enim
1041 1270 1196 1295 sumnia
1219 1260 1286 1295 illa
1316 1260 1391 1296 600
1423 1261 1702 1304 fructificabat,
1736 1264 1773 1296 et
1799 1272 1886 1296 eum

173 1320 222 1355 ob
240 1330 372 1355 rerum
389 1320 540 1364 copiam
560 1319 814 1364 pecunizeque
834 1320 1038 1355 raritatem
1062 1319 1110 1354 40
1133 1322 1244 1354 scuta
1262 1320 1312 1355 ad
1334 1330 1458 1355 unuin
1478 1321 1784 1356 sustentandum
1806 1320 1887 1356 sui-

174 1379 320 1420 1166161,
345 1379 435 1414 inde
462 1378 505 1414 15
526 1389 547 1414 e
567 1378 643 1415 NN.
668 1379 868 1414 commode
885 1379 1119 1421 alebantur;
1150 1379 1245 1414 dum
1273 1379 1313 1413 in
1338 1380 1541 1415 Lusitania
1569 1380 1673 1425 quod
1700 1380 1887 1415 oflereba-

175 1442 240 1474 tur
263 1438 461 1474 minutum
492 1438 621 1473 visum
643 1441 715 1481 est,
748 1441 785 1474 et
814 1439 861 1474 de
890 1441 1029 1473 eaetero
1058 1438 1147 1483 jura
1181 1438 1406 1474 fundatoris
1437 1449 1483 1474 ex
1519 1439 1704 1475 Instituto
1736 1450 1814 1474 non
1849 1449 1889 1474 se

174 1498 392 1533 extendunt
419 1498 576 1543 proprie
595 1498 645 1533 ad
664 1498 925 1533 Residentias.
953 1494 1069 1546 (Ibid.
1103 1498 1146 1533 ll.
1177 1494 1248 1545 00.)
1282 1498 1332 1533 At
1364 1499 1545 1534 Generali
1573 1499 1758 1546 pertinet,
1780 1499 1890 1544 judi—

175 1568 264 1593 care
284 1568 360 1603 quo
381 1567 474 1593 casu
504 1568 583 1593 non
609 1557 725 1603 plena
743 1557 786 1593 fit
807 1557 1001 1601 iundatio,
1035 1567 1217 1603 quasnam
1248 1568 1340 1603 pars
1362 1568 1409 1593 ex
1435 1558 1594 1603 juribus
1617 1558 1889 1594 Fundatorum

177 1617 425 1652 concedenda
447 1617 510 1652 sit.
535 1614 646 1666 (Ost,
671 1617 734 1660 IV,
758 1628 784 1660 1,
808 1615 866 1665 E.)

230 1685 246 1712 2
267 1688 309 1724 Id
330 1699 409 1723 non
428 1688 591 1734 impedit
609 1688 820 1734 quominus
835 1688 1070 1724 admittatur
1085 1688 1210 1734 major
1231 1689 1379 1724 dotatio
1394 1689 1443 1724 ad
1466 1689 1656 1735 majorem
1678 1700 1890 1726 numerum

180 1748 512 1783 Scholasticorum
534 1748 734 1783 alendum.
763 1745 873 1796 (Cst.,
898 1747 961 1791 IV,
986 1758 1028 1790 11,
1054 1745 1108 1796 9.)

241 1876 317 1919 Vi.
356 1902 413 1907 —
456 1876 773 1920 AEdificiorum
817 1875 952 1921 ratio.
1001 1902 1059 1907 ——
1110 1876 1348 1920 AEditieari
1385 1876 1589 1935 Collegia
1629 1877 1802 1922 debent
1842 1878 1891 1922 in

180 1953 282 1997 loco
319 1953 495 1996 salubri
531 1953 661 2006 (Cst.,
692 1953 747 2003 X,
778 1952 844 2009 C),
888 1958 1123 1997 structura
1159 1953 1284 2007 forti⁷
1323 1954 1441 2009 utili,
1482 1968 1610 2009 sana,
1650 1968 1746 1998 non
1782 1969 1891 1998 vero

182 2037 458 2088 sumptuosa
478 2036 557 2074 aut
577 2030 761 2074 curiosa
783 2029 851 2086 (C.
877 2030 951 2085 G,
977 2029 1011 2085 I,
1042 2029 1161 2085 1113),
1194 2036 1372 2074 semota
1404 2036 1560 2075 tamen
1589 2031 1645 2075 de
1668 2032 1891 2076 Eeclesiis

182 2108 444 2166 quaestione
467 2121 571 2166 quae
593 2108 740 2165 magis
762 2107 1105 2151 consideranda
1126 2109 1220 2151 visa
1244 2108 1346 2152 fuit.
1372 2107 1533 2166 (Ibid.)
1555 2109 1683 2153 Nihil
1702 2110 1892 2166 majoris

184 2186 426 2240 momenti,
455 2190 507 2228 ut
533 2190 656 2229 esset
691 2185 1039 2241 dormitorium,
1071 2184 1400 2229 aediiicandum
1430 2192 1499 2230 est
1531 2187 1707 2245 absque
1735 2188 1891 2232 Gene-

183 2262 292 2306 ralis
330 2262 689 2319 approbatione,
735 2262 816 2320 qui
859 2262 1060 2306 formam
1100 2263 1389 2320 praeseribet.
1436 2263 1636 2319 Caetera,
1682 2264 1805 2309 sieut
1847 2271 1893 2309 et

183 2340 491 2384 aedificiorum
536 2340 836 2395 restauratio,
881 2339 938 2383 ad
983 2340 1323 2384 Proviiioiaiein
1370 2341 1621 2398 pertinent.
1668 2342 1894 2400 Superior

183 2418 360 2473 localis,
403 2417 668 2461 inconsulto
706 2417 1001 2472 Provinciaii,
1043 2418 1110 2461 nil
1151 2418 1365 2462 aedificet.
1406 2417 1475 2476 (C
1517 2419 1591 2475 G„
1632 2420 1690 2474 ΙΙ,
1727 2420 1800 2464 Sl.
1838 2447 1895 2452 —-

184 2496 242 2540 R.
271 2495 426 2551 Prov.,
457 2494 528 2539 75.
549 2520 607 2526 —
629 2494 728 2551 Or.,
754 2495 812 2538 ΙΙ.
841 2520 899 2526 -
925 2495 1040 2539 Inst.
1075 2501 1218 2553 temp.
1251 2496 1405 2551 Prov.,
1429 2496 1522 2549 10.)
1551 2496 1620 2541 Cf.
1652 2512 1808 2555 supra,
1841 2499 1892 2543 P.

186 2572 262 2629 IV,
295 2587 335 2617 6.
367 2572 409 2627 7,
440 2586 480 2615 a.
514 2573 558 2627 2,
588 2572 630 2615 6.

247 2703 344 2747 VII.
379 2727 426 2733 -—
467 2703 782 2747 Fundatorum
813 2702 931 2760 jura.
969 2730 1027 2734 —
1056 2704 1348 2748 Fundatores
1386 2705 1513 2748 omni
1548 2705 1704 2750 ofiieio
1738 2721 1897 2765 prose—

187 2781 267 2839 qui
297 2780 541 2823 debemus.
567 2779 697 2835 (Cst.,
721 2780 795 2835 IV,
819 2793 849 2836 I,
871 2780 913 2835 ‘l,
944 2781 987 2824 6.
1018 2807 1076 2811 —
1102 2782 1216 2839 Reg.
1246 2782 1397 2835 Rect,
1420 2781 1490 2825 76.
1525 2809 1579 2813 ἢ
1608 2783 1741 2828 Prov.
1766 2785 1860 2839 95.)
1883 2786 1893 2807 ¹

191 2857 307 2901 Cum
333 2858 541 2914 primum
563 2856 767 2900 Societas
788 2857 835 2899 in
856 2859 1205 2914 possessionem
1227 2859 1424 2913 venerit,
1450 2858 1693 2904 Generalis
1722 2862 1898 2908 indicet

193 2948 275 2991 pro
304 2934 416 2991 ipsis
444 2934 530 2978 tria
565 2948 694 2977 saera
721 2948 745 2977 a
779 2934 974 2992 singulis
1011 2935 1264 2991 offerenda,
1297 2950 1469 2993 eosque
1504 2937 1586 2994 qui
1623 2937 1897 2986 Sacerdotes

195 3026 290 3056 non
312 3016 423 3056 sunt
443 3026 525 3068 pro
547 3011 661 3069 ipsis
688 3025 821 3054 orare
845 3011 1044 3069 jubebit.
1076 3012 1236 3056 Simile
1258 3012 1466 3056 officium
1496 3014 1750 3060 Fundatori
1778 3032 1899 3076 prae-

1952 2727 2006 2754 455
