2145 3366
156 2926 207 2954 Bm

998 257 1107 284 PARS
1140 258 1261 285 NQNA

276 246 300 282 μ’,κ

303 246 353 283 {⁴}

273 435 368 471 dant
401 436 537 472 scdulo
576 446 755 472 censores
792 436 984 472 librorum
1021 437 1178 482 regulas
1219 437 1449 472 Rcvisorutn
1490 439 1733 484 generalium
1774 443 1810 475 ct
1849 440 1975 486 ipsam

272 505 447 530 censura>
474 496 698 538 formulam,
723 498 765 531 ut
792 496 891 531 nihil
923 496 1140 541 approbent
1171 497 1275 542 quod
1303 497 1626 541 mediocritatem,
1658 499 1698 533 in
1721 509 1790 534 suo
1817 510 1972 545 genere,

270 554 360 599 plus
379 565 496 600 quam
516 555 764 591 mediocriter
784 565 863 591 non
886 558 1043 600 superet
1064 553 1194 603 (Prov.
1220 557 1362 600 Lugd„
1392 556 1520 603 1868).

322 622 338 649 2
368 626 680 662 Provincialibus
707 626 935 662 facultatem
964 627 1045 671 jam
1075 630 1320 663 concesserat
1351 628 1391 662 P.
1426 627 1614 664 Claudius
1650 629 1790 665 edendi
1821 630 1975 666 libellos

269 688 404 721 contra
424 685 642 729 haereticos,
662 686 729 721 ubi
742 696 804 721 res
821 689 992 731 urgeret,
1011 696 1033 721 a
1047 689 1217 732 quatuor
1235 687 1466 723 censoribus
1486 688 1648 724 revisos.
1668 690 1763 724 Item
1779 689 1975 725 orationes

268 744 478 788 funerales,
505 748 572 781 aut
593 745 710 781 etiam
736 745 890 781 libellos
909 746 1095 791 parvulos
1114 747 1250 791 quales
1272 747 1404 782 offerri
1427 747 1553 782 solent
1571 748 1820 794 Principibus
1840 749 1878 784 in
1904 760 1975 785 sua

266 804 593 850 inauguratione;
619 805 685 840 sed
713 815 837 840 unum
858 805 918 840 vel
947 805 1024 841 duo
1041 807 1219 851 exempla
1242 806 1403 842 Romam
1428 807 1529 843 mitti
1558 808 1752 844 debebant
1770 806 1826 857 (a.
1856 808 1970 852 1615,

269 863 384 906 1648,
412 862 544 913 1627).
570 864 704 907 Hodie,
730 865 778 900 ci.
805 864 895 900 Ord.
920 864 961 899 P.
986 865 1127 907 Beckx.
1154 866 1272 909 inira,
1300 863 1318 912 ξ
1343 866 1385 901 4.

327 986 384 1030 ΙΙ.
406 1012 461 1017 —
480 986 758 1032 Revisorum
778 986 950 1032 officia.
974 1012 1021 1018 —
1043 985 1143 1031 Prae
1153 992 1218 1030 ter
1236 987 1483 1031 Revisores
1502 989 1742 1047 generales
1765 1003 1819 1032 ex
1836 989 1973 1033 variis

263 1063 555 1108 Assistentiis
576 1064 739 1109 Romee
761 1065 998 1123 degentes,
1026 1065 1258 1123 designari
1281 1071 1480 1123 possunt
1500 1066 1747 1110 Revisores
1770 1072 1973 1110 extraor-

264 1143 447 1199 dinarii,
473 1142 551 1201 qui
574 1142 843 1187 auctoribus
866 1142 1012 1200 ignoti
1035 1155 1137 1185 esse
1161 1142 1331 1186 debent
1354 1148 1398 1186 et
1419 1142 1586 1186 iisdem
1610 1143 1789 1202 legibus
1813 1149 1973 1188 tenen-

262 1225 352 1264 tur.
384 1219 452 1278 (C.
475 1220 554 1277 G„
584 1220 705 1275 XVI,
735 1219 828 1273 15.)

323 1298 640 1356 Utrorumrpie
660 1297 868 1341 osticium
886 1303 955 1341 est
971 1303 1021 1341 ut
1036 1303 1184 1342 totum
1207 1312 1322 1356 opus
1340 1298 1494 1355 legant
1512 1303 1538 1354 1,
1559 1312 1612 1342 eo
1633 1298 1779 1357 magis
1799 1305 1969 1343 attente

262 1381 306 1420 ct
339 1381 469 1421 caute
497 1390 586 1435 quo
615 1389 690 1419 res
722 1376 904 1433 gravior
937 1380 1020 1419 est.
1060 1376 1118 1419 Hi
1152 1375 1301 1419 bullas
1336 1381 1380 1420 et
1407 1377 1589 1434 regulas
1623 1376 1792 1419 indicis
1826 1377 1971 1433 probe

262 1454 428 1498 callere
457 1454 642 1498 debent.
669 1453 851 1512 Duplex
877 1453 1033 1497 serunt
1057 1453 1286 1511 judicium
1314 1468 1320 1497 :
1351 1453 1400 1497 11Ο
1422 1467 1480 1497 an
1508 1453 1718 1497 edendus
1741 1454 1799 1497 sit
1824 1454 1967 1509 liber,

259 1532 306 1576 20
324 1546 381 1576 an
398 1532 717 1591 corrigendus.
742 1531 814 1575 Ad
837 1545 1050 1575 normam
1069 1531 1280 1575 Rationis
1298 1531 1558 1575 studiorum
1576 1545 1706 1575 suam
1725 1545 1969 1575 censuram

260 1610 474 1669 dirigant,
514 1623 607 1653 non
642 1611 771 1667 juxta
806 1622 858 1652 ea
894 1622 996 1666 quie
1030 1614 1166 1652 antea
1202 1608 1320 1652 sacta
1355 1614 1477 1652 sunt.
1517 1608 1602 1668 (St.
1644 1609 1757 1667 Reg.
1796 1623 1966 1652 comm.

260 1689 391 1745 Sup,
412 1688 455 1743 5,
474 1688 516 1731 6.
535 1713 592 1718 —-
613 1687 727 1745 Reg.
746 1686 822 1730 Pr.
848 1687 966 1742 Scit,
999 1686 1042 1743 «1,
1080 1687 1123 1742 22,
1147 1687 1190 1741 6,
1222 1686 1265 1741 8,
1295 1686 1368 1730 10.
1395 1713 1452 1717 —
1478 1686 1591 1744 Reg.
1624 1686 1697 1729 Pr.
1726 1686 1831 1743 T11.,
1856 1687 1899 1742 2,
1923 1687 1966 1730 5.

259 1791 315 1796 —
342 1766 456 1823 Reg.
484 1765 611 1808 Prof.
643 1765 747 1819 Ph.,
778 1764 821 1819 2,
848 1764 911 1818 3.)

318 1843 447 1889 Nihil
482 1843 728 1887 admittant
758 1843 881 1900 quod
915 1842 974 1886 sit
1008 1856 1134 1885 mera
1172 1842 1402 1899 repetitio,
1436 1840 1559 1900 quod
1596 1841 1967 1886 mediocritatem

261 1934 354 1965 non
372 1921 668 1964 mediocriter
690 1934 782 1964 non
802 1920 1009 1973 excedat,
1036 1919 1158 1977 quod
1179 1919 1286 1962 iidei
1309 1919 1560 1976 pietatique
1584 1933 1676 1963 non
1700 1920 1837 1976 plane
1860 1933 1969 1963 con-

260 2013 429 2058 gruum
452 1998 526 2054 sit,
552 1997 675 2057 quod
697 1997 900 2056 aliquem
922 1997 1067 2054 possit
1086 1996 1323 2040 offendere
1347 1997 1547 2040 maxime
1567 1996 1868 2054 Religiososss,
1891 2002 1969 2041 aut
2014 1981 2018 1985 ⁴

261 2077 502 2121 Societatis
537 2075 927 2121 existimationem
966 2075 1192 2118 minuere.
1228 2074 1476 2118 Revisores
1513 2075 1763 2130 51c³izct²ale.s,
1801 2080 1971 2131 praeter

261 2168 509 2200 censuram
531 2167 833 2198 communem
854 2152 910 2197 ab
934 2152 1152 2196 omnibus
1181 2152 1508 2209 subscriptam,
1537 2166 1589 2195 ea
1612 2152 1659 2195 in
1681 2152 1852 2210 quibus
1873 2152 1969 2196 dis-

262 2238 453 2291 crepant
488 2232 739 2291 separatim
783 2230 991 2275 scribant
1033 2235 1077 2274 et
1116 2230 1172 2273 ad
1201 2229 1479 2274 GeneraIem
1516 2243 1598 2287 per
1629 2229 1967 2274 Provincialem

262 2312 446 2356 mittant
470 2311 508 2355 si
535 2310 584 2354 in
612 2309 868 2354 Provinciis
891 2314 1013 2353 sunt.
1044 2309 1178 2367 (Reg.
1211 2308 1344 2362 Rev.)

2076 1382 2142 1425 [fissili

2103 1447 2143 1490 111<

2076 1527 2129 1570 1111111
2142 1540 2145 1568 l

2076 1604 2145 1662 opus}

2076 1683 2139 1726 (lein

2076 1760 2140 1805 11131151

2075 1840 2143 1893 trull.

2075 1927 2135 1963 Sillii.

2075 1996 2142 2041 [lensi

2075 2090 2145 2117 imm

316 2414 327 2442 1
352 2417 467 2453 Liber
486 2415 637 2452 absolvi
661 2415 773 2451 debet
798 2414 1028 2460 priusquam
1045 2423 1066 2449 a
1088 2413 1318 2449 censoribus
1341 2412 1565 2457 recognosci
1582 2412 1745 2458 incipiat
1761 2412 1813 2459 (α.
1838 2412 1964 2459 1640).

262 2475 343 2513 Non
359 2480 489 2513 autem
505 2476 680 2512 edendus
701 2488 715 2508 «
741 2475 820 2510 nisi
842 2474 1063 2510 constiterit
1086 2473 1321 2508 Provinciali
1338 2473 1545 2508 emendata
1561 2483 1645 2508 esse
1661 2484 1746 2518 quar
1762 2483 1967 2508 censorum

261 2537 406 2583 judicio
421 2536 666 2573 emendanda
683 2538 796 2571 erant
818 2547 833 2567 »
853 2534 904 2580 (α.
929 2533 1043 2571 1632,
1068 2533 1195 2579 1033).
1220 2545 1234 2565 «
1255 2532 1362 2576 Quod
1379 2535 1509 2567 tamen
1532 2532 1832 2578 intelligendum
1851 2533 1898 2568 de
1918 2533 1967 2568 iis

263 2608 349 2643 quae
364 2607 384 2633 a
399 2596 580 2642 pluribus
593 2595 822 2631 censoribus
835 2594 984 2629 indicta
998 2596 1090 2629 sunt
1103 2592 1348 2639 corrigenda,
1368 2602 1445 2627 non
1461 2592 1510 2627 ab
1526 2602 1604 2627 uno
1620 2592 1701 2627 solo
1723 2605 1736 2624 »
1754 2589 1809 2641 (a.
1833 2589 1964 2641 1634),

315 2666 331 2692 “2
361 2668 442 2704 Non
473 2670 531 2703 est
563 2667 801 2713 permissum
833 2666 873 2701 P.
908 2665 943 2700 J.
976 2664 1120 2700 Martin
1156 2664 1296 2699 salsam
1329 2663 1372 2699 D.
1407 2663 1585 2699 Carriere
1615 2663 1834 2699 doctrinam
1865 2664 1967 2699 circa

264 2732 492 2774 potestatem
526 2727 716 2773 principis
738 2727 779 2761 in
811 2725 1106 2761 matrimonium
1143 2724 1359 2765 confutare,
1384 2723 1461 2758 nisi
1483 2723 1594 2768 prius
1624 2726 1832 2759 conaretur
1862 2723 1967 2759 hunc

265 2799 379 2824 suum
401 2788 607 2833 antiquum
631 2785 944 2832 condiscipulum
967 2784 1196 2820 dissuadere
1219 2783 1254 2829 (7
1278 2787 1315 2818 et
1342 2782 1385 2817 13
1408 2785 1481 2818 oct.
1511 2782 1642 2831 1837).

325 2909 405 2954 lli.
426 2933 473 2942 -—
494 2907 680 2954 Sanctio
702 2906 843 2966 hujus
865 2905 997 2965 legis.
1017 2931 1064 2937 —
1087 2904 1132 2949 Si
1152 2905 1253 2964 quis
1277 2905 1375 2949 sine
1397 2903 1628 2959 facultate,
1654 2918 1734 2947 seu
1756 2902 1960 2962 proprio,

266 3005 345 3033 scu
370 2990 536 3043 alieno,
559 3001 640 3031 scu
670 2998 916 3044 suppresso
944 2984 1149 3039 nomine,
1175 2984 1319 3027 libros
1349 2988 1429 3025 aut
1459 2982 1594 3026 ctiam
1626 2981 1733 3025 solia
1764 2982 1961 3026 volantia
