2145 3366
145 1058 197 1087 411

140 2331 192 2357 412

258 243 336 281 366
944 252 1055 281 PARS
1087 253 1279 281 SEPTIMA

254 432 393 467 saltem
422 435 609 477 tempore,
642 431 883 474 residerent;
916 440 1067 466 necnon
1099 431 1140 466 in
1170 431 1320 466 nostris
1352 431 1513 476 praediis
1543 432 1704 468 rusticis
1726 428 1879 481 (Comp.
1911 433 1960 469 ad

255 501 292 527 v.
319 490 517 533 oratoria,
549 494 586 526 et
616 493 822 526 comment.
851 490 892 525 in
920 490 992 525 hoc
1023 490 1274 536 privilegium
1305 501 1327 526 a
1354 490 1521 533 Gattico,
1563 491 1605 526 in
1646 501 1716 527 suo
1755 501 1870 537 opere
1911 495 1962 528 De

255 550 446 586 oratoriis
464 549 651 597 privatis,
674 560 707 585 0.
732 548 846 596 xvm)
863 560 870 593 ;
891 552 932 585 31
952 549 1034 585 haec
1054 550 1227 585 oratoria
1246 550 1428 595 deputari
1449 550 1591 586 debent
1610 551 1660 586 ad
1681 551 1861 586 divinum
1880 552 1961 587 cul-

256 611 340 645 tum
361 609 581 644 dumtaxat.

307 677 323 704 9
350 680 431 715 Νο11
453 683 583 715 13111011
606 680 827 715 necessario
848 689 959 714 novae
987 679 1125 715 hostiae
1156 680 1260 715 intra
1291 680 1361 715 hoc
1392 683 1547 726 tempus
1578 680 1830 717 conficiendae
1851 684 1958 717 sunt.

257 736 309 788 (P.
340 739 494 778 Claud.)
516 739 643 774 Verba
665 749 780 784 porro
809 738 968 774 Caerem.
994 738 1106 783 J'uxta
1138 739 1176 775 S.
1208 739 1248 774 C.
1273 739 1351 775 Rit.
1375 738 1434 785 (in
1455 740 1598 782 Paris,
1624 740 1644 775 7
1677 744 1775 786 sept.
1803 740 1903 776 1850
1923 744 1960 777 et

255 798 418 844 pluries)
442 798 649 833 includunt
675 811 689 830 «
716 797 894 833 strictam
923 800 959 833 et
990 797 1208 843 rigorosam
1236 798 1529 844 obligationem.
1559 811 1573 831 »
1599 798 1656 835 Cf.
1680 802 1811 835 tamen
1834 800 1956 846 Gury,

256 862 282 894 t.
309 859 355 901 ll,
380 868 419 893 n.
441 858 531 893 314.
556 857 630 892 Nec
652 857 766 892 debet
785 857 975 892 confectio
994 857 1180 903 excedere
1201 868 1325 893 unum
1352 868 1538 893 mensem.
1568 858 1697 894 Clavis
1718 860 1958 895 asservanda

254 921 312 953 est
332 928 354 953 a
385 918 550 952 sacrista
572 919 640 952 aut
670 917 711 951 in
741 916 818 952 alio
842 916 1043 952 tutissimo
1072 916 1169 952 1000.
1194 916 1251 963 (S.
1283 916 1341 959 C..
1367 916 1388 952 9
1410 914 1485 953 feb.
1513 917 1648 964 1751.)
1670 918 1713 953 Et
1734 918 1782 953 01.
1807 919 1957 965 gravis-

254 977 374 1013 simas
396 977 548 1012 litteras
571 976 609 1011 S.
634 975 673 1011 C.
696 976 766 1010 ΕΕ.
791 979 827 1011 01
849 976 927 1011 RR.
953 972 1075 1023 (apud
1094 976 1278 1017 Bizzarri.
1303 986 1340 1021 p.
1366 976 1414 1012 34
1435 980 1472 1011 et
1490 976 1598 1022 sqq.)

306 1046 322 1072 3
343 1049 485 1083 Annua
517 1047 740 1082 communio
770 1047 809 1081 in
832 1050 967 1082 nostra
988 1047 1150 1082 ecclesia
1173 1047 1257 1082 fieri
1288 1050 1415 1092 potest
1436 1049 1485 1083 ab
1506 1058 1549 1083 eo
1570 1049 1637 1093 qui
1667 1059 1752 1084 eam
1784 1050 1957 1094 paschali

253 1111 427 1153 tempore
459 1107 606 1149 omisit,
635 1107 809 1151 exceptis
840 1106 889 1141 iis
923 1106 1150 1152 regionibus
1185 1107 1251 1142 ubi
1285 1107 1473 1142 schedula
1501 1118 1524 1143 a
1554 1108 1737 1143 Parocliis
1771 1109 1956 1154 exigitur.

252 1167 297 1214 (f.
322 1167 359 1203 P.
387 1166 541 1208 Subst.‚
562 1166 584 1201 4
601 1176 683 1211 apr.
711 1165 838 1210 1845).
859 1166 939 1201 Imo
954 1166 1040 1210 ipso
1061 1166 1123 1201 die
1144 1166 1345 1201 paschatis
1367 1166 1403 1201 S.
1432 1165 1754 1203 Communionem
1776 1167 1959 1204 fidelibus

251 1227 292 1262 in
314 1226 556 1273 regularium
587 1225 762 1260 ecclesiis
785 1225 972 1260 distribui
999 1235 1129 1270 posse,
1156 1226 1225 1260 ubi
1255 1226 1295 1261 id
1323 1226 1372 1261 ab
1392 1225 1600 1261 Ordinario
1630 1237 1707 1262 non
1730 1227 1960 1272 prohibetur

250 1289 319 1322 aut
349 1286 382 1321 si
413 1295 490 1320 non
524 1285 568 1320 fit
600 1295 689 1320 cum
719 1285 938 1320 intentione
968 1284 1157 1330 implendi
1192 1288 1430 1330 praeceptum
1464 1285 1661 1330 paschale,
1695 1289 1827 1322 tenent
1860 1287 1958 1322 varii

249 1347 441 1381 auctores.
467 1343 539 1390 (Cf.
559 1343 597 1379 S.
623 1343 817 1389 Ligorius‚
838 1345 960 1380 Homo
980 1343 1236 1391 Apostolicus,
1262 1347 1313 1379 tr.
1340 1344 1402 1386 12,
1430 1355 1469 1379 n.
1495 1345 1558 1387 41,
1582 1348 1618 1380 et
1646 1345 1686 1380 P.
1720 1346 1887 1388 Villada.
1915 1357 1954 1382 n.

253 1404 360 1450 160.)
377 1404 429 1440 De
444 1403 653 1439 momentis
668 1406 798 1438 tamen
813 1403 1041 1438 intrinsecis
1056 1403 1176 1448 huJ'us
1192 1404 1399 1439 sententiae
1414 1404 1632 1440 extrinsece
1652 1405 1884 1450 probabilis,
1906 1406 1952 1442 01.

250 1465 290 1501 P.
315 1464 445 1506 Melot,
470 1473 509 1499 n.
535 1462 611 1498 209
633 1466 670 1498 et
693 1473 797 1508 sqq.,
823 1462 890 1497 ubi
912 1463 1151 1498 contrariam
1174 1466 1321 1498 tuetur.
1347 1463 1557 1499 Suarezius
1579 1474 1670 1499 vero
1697 1467 1801 1500 tenet
1823 1465 1863 1510 (l.
1889 1465 1952 1508 IX,

249 1535 284 1560 0.
314 1534 372 1566 111,
406 1533 445 1559 n.
479 1521 559 1569 12),
593 1522 909 1557 communionem
939 1522 1125 1565 infirmis,
1160 1525 1270 1558 extra
1301 1532 1436 1558 casum
1465 1522 1612 1565 viatici,
1644 1533 1666 1558 a
1696 1524 1957 1570 Regularibus

250 1583 394 1620 deferri
425 1592 553 1629 posse,
579 1581 646 1617 ubi
668 1582 709 1617 id
735 1582 821 1617 sine
850 1582 986 1627 populi
1015 1582 1277 1617 admiratione
1299 1582 1385 1618 fieri
1415 1585 1555 1628 potest.
1580 1583 1633 1618 De
1657 1593 1734 1628 quo
1762 1584 1811 1619 01.
1835 1584 1954 1627 intra,

249 1643 418 1690 append.
441 1643 488 1678 de
506 1641 741 1688 Privilegiis‚
769 1644 844 1677 art.
870 1641 907 1684 2,
932 1642 981 1677 ad
1000 1652 1036 1677 v.
1058 1641 1328 1678 Eucharistia.
1351 1641 1496 1678 Saltem
1515 1642 1554 1677 id
1573 1642 1804 1678 Ordinarius
1824 1644 1956 1689 prohi—

249 1704 340 1739 bere
360 1703 479 1738 valet.
506 1702 549 1736 In
579 1701 676 1736 locis
704 1711 795 1736 vero
826 1701 893 1736 ubi
915 1700 952 1736 S.
979 1700 1019 1736 C.
1051 1701 1099 1737 de
1125 1701 1383 1747 Propaganda
1414 1701 1505 1737 Fide
1532 1701 1572 1737 id
1602 1703 1811 1738 concedere
1841 1703 1952 1746 solet,

249 1766 377 1799 exstat
408 1761 575 1808 speciale
608 1760 875 1806 privilegium,
912 1761 962 1796 01.
997 1761 1149 1806 Comp.,
1182 1760 1272 1796 204.
1302 1761 1407 1796 Nihil
1436 1764 1567 1796 autem
1597 1761 1637 1796 in
1665 1762 1752 1807 jure
1775 1763 1954 1808 prohibet

248 1822 459 1868 quominus
489 1820 616 1866 prima
645 1820 868 1855 communio
895 1820 936 1855 in
957 1820 1201 1865 regularium
1231 1821 1405 1856 ecclesiis
1426 1821 1508 1856 fiat.
1533 1820 1623 1856 Sola
1645 1822 1767 1867 igitur
1793 1832 1954 1858 consue-

248 1882 343 1918 tudo
363 1880 562 1918 contraria
583 1879 630 1915 de
651 1889 729 1924 qua
750 1883 930 1915 constare
957 1880 1085 1922 debet,
1106 1880 1146 1915 id
1167 1880 1358 1925 impedire
1379 1883 1519 1925 potest.
1543 1876 1618 1927 (Cf.
1640 1881 1777 1924 Bouix,
1797 1883 1848 1917 De
1862 1880 1952 1927 jure

247 1940 516 1988 Regulam-sium,
543 1942 570 1974 t.
592 1939 639 1981 ll,
659 1949 697 1984 p.
719 1938 805 1974 199.
825 1959 877 1963 —
897 1939 941 1973 Et
963 1938 999 1975 S.
1026 1938 1066 1974 C.
1089 1939 1250 1974 Com-ilii
1267 1939 1307 1974 in
1329 1939 1459 1981 Anic„
1483 1939 1528 1973 21
1552 1940 1639 1984 julii
1666 1940 1796 1985 1888.)
1813 1940 1951 1976 Utrum
2017 1966 2020 1970 -
2061 1950 2109 1994 ’ἦ
2124 1911 2137 1958 ν’

247 2011 338 2036 vero
367 1999 610 2036 convictores
629 2001 855 2033 nostrorum
877 1998 1138 2043 Collegiorum
1166 1998 1335 2034 habendi
1358 1999 1437 2034 sint
1460 2004 1501 2034 ut
1523 1999 1604 2033 veri
1626 1999 1840 2035 familiares
1861 2010 1951 2035 con-

248 2059 493 2101 trovertitur,
518 2058 567 2094 01.
591 2057 708 2100 intra,
735 2067 824 2103 app.
847 2057 894 2093 de
912 2057 1147 2103 Privilegiis‚
1173 2068 1210 2103 p.
1236 2057 1283 2100 II,
1308 2068 1343 2093 a.
1372 2058 1406 2101 1,
1433 2068 1473 2093 11.
1498 2058 1534 2093 2.

299 2128 316 2155 ⁴
336 2129 543 2166 Cavallieri
575 2128 771 2174 privatam
794 2128 980 2174 intelligit
1001 2129 1285 2174 expositionem
1315 2130 1473 2174 quando
1499 2133 1567 2165 aut
1596 2131 1852 2166 saecularibus
1873 2141 1951 2166 non

246 2194 352 2237 patet
380 2190 527 2231 aditus,
551 2191 620 2223 aut
650 2188 953 2223 Sanctissimum
974 2198 1052 2223 non
1075 2188 1270 2233 detegitur
1292 2188 1361 2234 (Cf.
1387 2188 1560 2231 Oswald,
1584 2200 1623 2225 n.
1649 2190 1765 2239 920);
1789 2191 1952 2236 insuper

246 2249 471 2286 admittitur
490 2248 563 2283 hac
582 2247 623 2283 in
644 2257 684 2282 re
707 2247 765 2282 vis
789 2247 1102 2283 consuetudinis.

299 2320 315 2345 5
345 2334 359 2354 «
386 2320 481 2356 Cum
513 2328 609 2355 usus
639 2318 719 2364 jam
749 2318 965 2354 obtinuerit
995 2318 1177 2364 pluribus
1199 2319 1239 2354 in
1261 2319 1356 2354 locis
1387 2322 1429 2354 ut
1456 2319 1605 2356 devotis
1636 2321 1820 2367 frequens
1846 2321 1951 2357 intra

247 2380 533 2417 hebdomadam
554 2378 776 2414 communio
798 2378 838 2412 in
856 2378 945 2413 aliis
964 2378 1122 2424 templis
1143 2379 1393 2421 concedatur,
1415 2379 1589 2425 adeoque
1609 2391 1686 2415 non
1711 2381 1762 2416 sit
1780 2381 1950 2426 amplius

246 2441 312 2476 ille
339 2443 467 2476 status
494 2448 626 2474 rerum
656 2437 721 2482 qui
751 2438 825 2472 11111
855 2438 1013 2482 quando
1042 2438 1143 2473 13013
1164 2441 1222 2473 est
1242 2438 1361 2473 Instr.
1386 2438 1436 2472 III
1458 2449 1527 2483 pro
1547 2440 1814 2483 confessariis,
1838 2440 1948 2485 juxta

246 2510 326 2546 reg.
346 2498 394 2534 26
417 2497 591 2540 sacerd„
610 2507 689 2531 non
710 2499 768 2531 est
789 2497 961 2541 amplius
983 2497 1179 2542 integrum
1199 2497 1308 2532 illam
1330 2497 1591 2542 frequentiam
1610 2499 1650 2533 in
1666 2499 1812 2534 nostris
1831 2499 1949 2534 eccle-

245 2559 316 2595 siis
336 2558 543 2604 prohibere
566 2569 580 2589 »
606 2556 656 2601 (a.
686 2556 816 2602 1614).
843 2556 886 2591 Ε1
917 2556 1091 2591 Romana
1121 2556 1237 2591 Curia
1267 2567 1345 2591 non
1375 2558 1515 2602 probat
1544 2558 1727 2603 pietatem
1748 2559 1821 2593 hac
1841 2559 1881 2593 in
1908 2569 1949 2593 re

245 2618 412 2654 nimium
431 2616 649 2661 constringi
678 2615 731 2661 (a.
755 2614 871 2659 1618,
898 2616 1030 2664 1657).
1055 2616 1277 2651 Prudentiae
1307 2616 1428 2662 igitur
1449 2617 1678 2652 confessarii
1706 2629 1767 2653 res
1789 2618 1947 2663 permit-

245 2678 342 2713 titur
363 2676 418 2723 (α.
446 2674 588 2721 1619);
612 2685 684 2710 1100
704 2674 871 2710 nimium
903 2676 1053 2710 censeri
1081 2676 1193 2710 debet
1216 2676 1249 2710 si
1270 2678 1330 2711 ter
1350 2676 1392 2710 in
1412 2676 1658 2712 hebdomada
1680 2677 1809 2713 viduis
1831 2677 1947 2723 spiri-

245 2737 421 2772 tualibus
439 2734 662 2786 communio
683 2734 936 2779 permittatur
951 2734 1004 2780 (a.
1020 2745 1075 2769 00.
1092 2734 1170 2770 AA.
1199 2733 1330 2781 1581).
1351 2735 1431 2769 Imo
1443 2735 1589 2781 regulae
1606 2736 1664 2771 illi
1678 2736 1751 2772 fuit
1763 2746 1947 2782 expresse

245 2799 282 2831 et
302 2797 342 2831 in
364 2794 570 2830 individuo
584 2794 815 2839 derogatum
827 2794 876 2829 ab
896 2794 1120 2829 Innocentio
1137 2794 1201 2837 XI,
1223 2804 1326 2829 anno
1350 2793 1463 2829 1679.
1492 2795 1588 2830 Hinc
1608 2796 1647 2830 P.
1673 2796 1875 2831 Roothaan
1895 2797 1944 2832 ad

248 2856 357 2890 l‘rov.
380 2854 484 2900 Belg.
506 2852 605 2888 1836
629 2864 635 2886 ;
659 2866 672 2886 «
699 2853 860 2898 Propter
880 2854 999 2888 citata
1020 2854 1205 2888 Romame
1227 2853 1337 2889 Sedis
1359 2853 1527 2896 decreta,
1552 2865 1746 2900 usumque
1768 2856 1945 2900 frequen-

247 2915 357 2949 tioris
387 2912 674 2948 communionis
705 2912 784 2947 fere
812 2912 957 2957 ubique
981 2913 1191 2959 vigentem,
1212 2923 1291 2948 non
1321 2916 1379 2948 est
1409 2913 1580 2959 amplius
1608 2914 1805 2960 integrum
1835 2915 1942 2949 illam

246 2973 506 3018 [sequentiam
528 2971 567 3006 in
588 2972 735 3007 nostris
752 2972 925 3008 ecclesiis
947 2972 1174 3017 prohibere;
1199 2975 1311 3008 caute
1331 2975 1462 3008 tamen
1478 2975 1514 3008 et
1534 2974 1745 3010 admodum
1767 2974 1942 3009 conside-
