2145 3366
0 605 33 636 'um

8 668 33 694 ro-

0 719 32 754 {nl-

14 789 32 816 ea

0 908 32 934 Ji‘l'-

0 960 32 996 lrlffl

0 1088 3 1112 ς
13 1080 31 1116 in

1 1149 31 1175 rra

1 1200 31 1233 <⁸1ae

0 1270 30 1293 ΙΠἸ-

0 1458 30 1495 alii

0 1523 29 1556 iet

0 1580 29 1615 isla

829 764 1014 819 CAPUT
1053 763 1315 823 QUINTUM

411 964 476 997 DE
512 962 896 997 CONDITIONIBUS
932 965 998 997 AD
1035 963 1417 998 PROFESSIONEM
1456 964 1732 1003 REQUISITIS

276 1174 311 1217 I.
333 1201 390 1205 -—
416 1173 571 1219 Prima
598 1173 819 1219 conditio.
842 1201 900 1206 —
926 1175 1211 1218 Proestantict
1232 1175 1524 1230 inc-loctrina,
1552 1175 1928 1234 diligentissimis

215 1251 574 1310 probationibus
606 1252 843 1310 explorata
874 1258 919 1296 et
948 1252 1086 1310 plane
1109 1252 1279 1296 selecta
1299 1252 1472 1311 (Julius
1496 1253 1577 1309 III,
1598 1253 1850 1310 Emposci&
1870 1281 1928 1285 —

215 1329 329 1386 Cst.,
355 1329 412 1386 X,
438 1329 500 1385 7),
532 1343 637 1388 quae
667 1329 771 1373 talis
799 1344 902 1373 esse
934 1330 1074 1373 debet
1104 1335 1157 1373 ut
1183 1335 1320 1388 aptus
1348 1335 1597 1374 censeatur
1627 1331 1708 1389 qui
1736 1345 1928 1389 promo-

214 1407 396 1451 vendus
430 1412 516 1464 est,
549 1407 606 1451 ad
641 1412 786 1451 totam
824 1407 1189 1465 philosophiam,
1227 1407 1425 1466 logicam
1463 1408 1655 1465 scilicet,
1685 1409 1927 1467 physicam

216 1488 261 1528 et
286 1484 671 1542 metaphysicam,
703 1489 750 1528 et
774 1484 1057 1543 theologiam
1085 1498 1194 1528 cum
1223 1484 1542 1529 satisfactione
1573 1485 1851 1544 docendam,
1878 1487 1927 1530 in

214 1562 272 1606 iis
299 1561 414 1606 locis
441 1562 523 1606 ubi
555 1567 625 1606 est
654 1562 937 1606 idoneorum
966 1562 1239 1606 auditorum
1272 1568 1318 1606 et
1347 1563 1694 1621 disputantium
1728 1578 1928 1609 concur-

216 1653 312 1683 sus.
338 1639 408 1697 (C.
435 1640 508 1697 G„
533 1639 635 1697 VII,
661 1639 733 1698 33,
758 1639 807 1696 33
833 1666 889 1671 —
909 1640 1031 1697 VIII,
1055 1640 1129 1697 37,
1153 1640 1205 1696 23
1231 1640 1426 1698 —XXL
1454 1641 1547 1697 18.)
1570 1641 1766 1701 Physica
1786 1656 1927 1701 porro

215 1717 346 1762 audit
365 1717 607 1776 physicam
631 1723 676 1761 et
698 1718 948 1762 mathesim
978 1717 1332 1774 elementarem,
1356 1724 1499 1777 prout
1533 1719 1582 1763 in
1613 1719 1790 1779 regulis
1823 1735 1930 1779 pro-

213 1795 450 1839 fessorum
473 1795 786 1854 philosophiae
809 1795 1169 1840 determinatur.
1195 1796 1265 1853 (C.
1288 1797 1362 1854 G„
1386 1796 1532 1853 XXII,
1556 1797 1629 1842 36.
1658 1822 1716 1830 —-
1737 1798 1806 1842 Cf.
1833 1798 1920 1844 litt.

214 1873 265 1917 P.
298 1872 468 1929 Beckx,
496 1874 565 1917 De
597 1875 763 1917 trienii.
798 1873 970 1932 philos,
997 1874 1267 1929 ordiuand„
1295 1874 1378 1919 ubi
1408 1875 1673 1920 accuratius
1706 1875 1927 1921 determi-

215 1955 356 1995 natur
383 1951 496 2010 quid
524 1951 584 1995 sit
610 1951 659 1994 in
686 1951 859 1995 scholis
888 1951 1215 2007 tradendum.)

274 2028 410 2082 Quod
444 2043 541 2073 non
571 2029 762 2073 relative
796 2029 878 2073 sed
912 2029 1126 2074 absolute
1161 2029 1505 2075 dimetiendum
1537 2036 1622 2083 est,
1660 2036 1706 2076 et
1735 2031 1927 2090 quidem

215 2106 375 2150 habita
404 2120 499 2150 non
525 2107 704 2165 ingenii
734 2107 906 2164 solum,
932 2108 1011 2151 sed
1037 2108 1283 2166 praesentis
1310 2109 1450 2152 etiam
1475 2109 1702 2154 doctrinae
1729 2111 1924 2155 ratione.

216 2183 285 2241 (C.
311 2185 384 2241 G„
409 2184 512 2241 XII,
536 2185 610 2241 22,
633 2185 701 2241 1.)
738 2185 790 2229 Id
821 2199 930 2230 vero
966 2191 1181 2230 constare
1215 2186 1356 2231 debet
1389 2188 1604 2231 examine
1637 2190 1773 2247 cujus
1803 2189 1928 2248 leges

215 2262 337 2306 infra
359 2268 671 2321 exponentur.
696 2263 981 2308 Exiinuntur
1004 2264 1061 2308 ab
1084 2264 1174 2309 hoc
1199 2265 1414 2309 examine
1439 2279 1447 2308 :
1471 2265 1519 2309 ‘lo
1541 2266 1621 2323 qui
1645 2267 1929 2326 theologicas

217 2340 459 2385 facultates
491 2355 575 2400 pro
614 2341 838 2400 dignitate
875 2342 1075 2400 professi
1113 2348 1245 2399 sunt3
1279 2343 1328 2387 2Ο
1361 2343 1440 2402 qui
1470 2349 1627 2388 actum
1659 2345 1928 2403 generalem

217 2432 353 2462 mane
375 2424 421 2463 et
440 2433 632 2478 vespere
652 2419 940 2477 habuerunt,
964 2425 1009 2465 et
1027 2420 1268 2479 judicibus
1292 2421 1548 2481 designatis
1576 2422 1926 2469 satisfecerunt¹

215 2495 336 2554 (Or.,
361 2510 492 2554 xviii,
515 2497 559 2554 3,
584 2498 653 2554 6);
686 2498 725 2542 si
746 2498 873 2542 enim
896 2498 1141 2544 dubitatur
1162 2513 1248 2544 nec
1270 2513 1295 2543 a
1320 2499 1587 2559 subrogatis
1609 2502 1928 2548 assessoribus

217 2574 414 2619 dubium
456 2575 555 2620 tolli
593 2581 768 2634 potest,
810 2590 1007 2621 examen
1045 2582 1115 2621 est
1155 2576 1482 2622 adhibendum
1521 2578 1590 2635 (C.
1625 2579 1700 2637 G„
1732 2579 1790 2638 X,
1821 2580 1924 2637 13),

215 2651 262 2697 30
287 2653 511 2698 Doctores
540 2653 788 2713 theologiae
817 2655 856 2698 si
884 2669 979 2700 non
1009 2653 1254 2700 dubitetur
1285 2656 1342 2700 de
1376 2657 1545 2700 eximia
1572 2670 1738 2702 eorum
1766 2659 1928 2704 erudi—

217 2730 343 2775 tione
370 2732 439 2789 (C.
466 2732 540 2789 G.,
566 2731 664 2787 VII,
688 2732 765 2789 96)
799 2746 806 2776 :
842 2737 944 2777 tum
977 2746 1086 2778 vero
1121 2734 1249 2778 nulla
1285 2739 1503 2779 censetur
1539 2734 1784 2793 dubitatio,
1821 2751 1928 2782 cuin

211 2810 371 2867 Jurare
401 2810 584 2868 possint
610 2815 814 2868 quatuor
844 2825 867 2854 e
899 2811 1085 2856 Nostris
1115 2812 1272 2857 idonei
1300 2812 1403 2868 viri,
1437 2818 1563 2857 tanta
1591 2812 1696 2858 illos
1727 2815 1929 2862 instruc—2

220 2893 285 2931 tos
314 2901 416 2932 esse
444 2888 656 2932 doctrina
677 2895 849 2947 quanta
871 2890 920 2933 in
943 2889 1162 2935 Instituto
1188 2891 1445 2949 requiritur
1473 2890 1530 2934 ad
1560 2891 1926 2940 Professionem.

215 2966 285 3021 (G.
313 2967 387 3023 G„
412 2966 583 3024 XXIII,
607 2966 705 3022 19.)
