<?xml version="1.0" encoding="UTF-8"?>
<!DOCTYPE html PUBLIC "-//W3C//DTD XHTML 1.0 Transitional//EN"
    "http://www.w3.org/TR/xhtml1/DTD/xhtml1-transitional.dtd">
<html xmlns="http://www.w3.org/1999/xhtml" xml:lang="en" lang="en">
 <head>
  <title>
</title>
<meta http-equiv="Content-Type" content="text/html;charset=utf-8" />
  <meta name='ocr-system' content='tesseract 3.04.00' />
  <meta name='ocr-capabilities' content='ocr_page ocr_carea ocr_par ocr_line ocrx_word'/>
</head>
<body>
  <div class='ocr_page' id='page_1' title='image "./compendiuminstit00rami_0492.png"; bbox 0 0 2145 3366; ppageno 0'>
   <div class='ocr_carea' id='block_1_1' title="bbox 141 609 193 636">
    <p class='ocr_par' dir='ltr' id='par_1_1' title="bbox 141 609 193 636">
     <span class='ocr_line' id='line_1_1' title="bbox 141 609 193 636; baseline -0.019 0"><span class='ocrx_word' id='word_1_1' title='bbox 141 609 193 636; x_wconf 72' lang='lat'>558</span> 
     </span>
    </p>
   </div>
   <div class='ocr_carea' id='block_1_2' title="bbox 137 2389 189 2415">
    <p class='ocr_par' dir='ltr' id='par_1_2' title="bbox 137 2389 189 2415">
     <span class='ocr_line' id='line_1_2' title="bbox 137 2389 189 2415; baseline 0 0"><span class='ocrx_word' id='word_1_2' title='bbox 137 2389 189 2415; x_wconf 76' lang='lat'>559</span> 
     </span>
    </p>
   </div>
   <div class='ocr_carea' id='block_1_3' title="bbox 253 232 1220 270">
    <p class='ocr_par' dir='ltr' id='par_1_3' title="bbox 253 232 1220 270">
     <span class='ocr_line' id='line_1_3' title="bbox 253 232 1220 270; baseline -0.006 0"><span class='ocrx_word' id='word_1_3' title='bbox 253 232 331 270; x_wconf 66' lang='lat'>4815</span> <span class='ocrx_word' id='word_1_4' title='bbox 990 237 1220 266; x_wconf 71' lang='lat' dir='ltr'>APPENDIX</span> 
     </span>
    </p>
   </div>
   <div class='ocr_carea' id='block_1_4' title="bbox 305 331 1305 338">
    <p class='ocr_par' dir='ltr' id='par_1_4' title="bbox 305 331 1305 338">
     <span class='ocr_line' id='line_1_4' title="bbox 305 331 1305 338; baseline 0 0"><span class='ocrx_word' id='word_1_5' title='bbox 305 331 1305 338; x_wconf 95' lang='lat' dir='ltr'> </span> 
     </span>
    </p>
   </div>
   <div class='ocr_carea' id='block_1_5' title="bbox 836 449 1368 494">
    <p class='ocr_par' dir='ltr' id='par_1_5' title="bbox 836 449 1368 494">
     <span class='ocr_line' id='line_1_5' title="bbox 836 449 1368 494; baseline -0.002 0"><span class='ocrx_word' id='word_1_6' title='bbox 836 451 880 494; x_wconf 76' lang='lat'>2⁰</span> <span class='ocrx_word' id='word_1_7' title='bbox 910 449 1079 494; x_wconf 73' lang='lat' dir='ltr'>Cruces</span> <span class='ocrx_word' id='word_1_8' title='bbox 1099 464 1225 493; x_wconf 79' lang='lat' dir='ltr'>secus</span> <span class='ocrx_word' id='word_1_9' title='bbox 1252 451 1368 494; x_wconf 78' lang='lat' dir='ltr'>vias.</span> 
     </span>
    </p>
   </div>
   <div class='ocr_carea' id='block_1_6' title="bbox 242 587 1956 1962">
    <p class='ocr_par' dir='ltr' id='par_1_6' title="bbox 246 587 1955 801">
     <span class='ocr_line' id='line_1_6' title="bbox 311 587 1954 646; baseline -0.001 -12"><span class='ocrx_word' id='word_1_10' title='bbox 311 591 403 634; x_wconf 86' lang='lat' dir='ltr'>Has</span> <span class='ocrx_word' id='word_1_11' title='bbox 436 589 582 633; x_wconf 86' lang='lat' dir='ltr'>nostri</span> <span class='ocrx_word' id='word_1_12' title='bbox 619 588 901 631; x_wconf 88' lang='lat' dir='ltr'>missionarii</span> <span class='ocrx_word' id='word_1_13' title='bbox 937 587 1216 632; x_wconf 88' lang='lat' dir='ltr'>benedicere</span> <span class='ocrx_word' id='word_1_14' title='bbox 1248 592 1444 644; x_wconf 78' lang='lat' dir='ltr'>possunt</span> <span class='ocrx_word' id='word_1_15' title='bbox 1473 593 1519 632; x_wconf 94' lang='lat' dir='ltr'>et</span> <span class='ocrx_word' id='word_1_16' title='bbox 1552 588 1748 646; x_wconf 87' lang='lat' dir='ltr'>erigere,</span> <span class='ocrx_word' id='word_1_17' title='bbox 1784 589 1831 631; x_wconf 90' lang='lat' dir='ltr'>in</span> <span class='ocrx_word' id='word_1_18' title='bbox 1863 587 1954 632; x_wconf 89' lang='lat' dir='ltr'>fine</span> 
     </span>
     <span class='ocr_line' id='line_1_7' title="bbox 247 664 1955 723; baseline -0.002 -11"><span class='ocrx_word' id='word_1_19' title='bbox 247 674 325 712; x_wconf 85' lang='lat' dir='ltr'>aut</span> <span class='ocrx_word' id='word_1_20' title='bbox 354 668 554 711; x_wconf 86' lang='lat' dir='ltr'>decursu</span> <span class='ocrx_word' id='word_1_21' title='bbox 581 665 858 709; x_wconf 80' lang='lat' dir='ltr'>missionum</span> <span class='ocrx_word' id='word_1_22' title='bbox 889 677 992 722; x_wconf 84' lang='lat' dir='ltr'>quae</span> <span class='ocrx_word' id='word_1_23' title='bbox 1025 664 1081 708; x_wconf 91' lang='lat' dir='ltr'>ab</span> <span class='ocrx_word' id='word_1_24' title='bbox 1110 665 1223 722; x_wconf 89' lang='lat' dir='ltr'>ipsis</span> <span class='ocrx_word' id='word_1_25' title='bbox 1249 670 1536 723; x_wconf 85' lang='lat' dir='ltr'>peraguntur</span> <span class='ocrx_word' id='word_1_26' title='bbox 1556 664 1773 717; x_wconf 88' lang='lat' dir='ltr'>(formula</span> <span class='ocrx_word' id='word_1_27' title='bbox 1799 671 1955 710; x_wconf 87' lang='lat' dir='ltr'>tamen</span> 
     </span>
     <span class='ocr_line' id='line_1_8' title="bbox 246 740 1866 801; baseline -0.001 -13"><span class='ocrx_word' id='word_1_28' title='bbox 246 747 292 789; x_wconf 88' lang='lat' dir='ltr'>in</span> <span class='ocrx_word' id='word_1_29' title='bbox 321 744 475 788; x_wconf 85' lang='lat' dir='ltr'>rituali</span> <span class='ocrx_word' id='word_1_30' title='bbox 503 742 777 801; x_wconf 56' lang='lat' dir='ltr'>praescripta</span> <span class='ocrx_word' id='word_1_31' title='bbox 800 746 879 785; x_wconf 92' lang='lat' dir='ltr'>aut</span> <span class='ocrx_word' id='word_1_32' title='bbox 905 754 930 784; x_wconf 90' lang='lat' dir='ltr'>a</span> <span class='ocrx_word' id='word_1_33' title='bbox 958 740 1003 785; x_wconf 79' lang='lat' dir='ltr'>S.</span> <span class='ocrx_word' id='word_1_34' title='bbox 1035 740 1152 784; x_wconf 87' lang='lat' dir='ltr'>Sede</span> <span class='ocrx_word' id='word_1_35' title='bbox 1180 741 1467 799; x_wconf 85' lang='lat' dir='ltr'>approbata).</span> <span class='ocrx_word' id='word_1_36' title='bbox 1493 741 1670 799; x_wconf 88' lang='lat' dir='ltr'>(Comp.</span> <span class='ocrx_word' id='word_1_37' title='bbox 1702 755 1747 786; x_wconf 92' lang='lat' dir='ltr'>n.</span> <span class='ocrx_word' id='word_1_38' title='bbox 1775 742 1866 794; x_wconf 88' lang='lat'>70.)</span> 
     </span>
    </p>

    <p class='ocr_par' dir='ltr' id='par_1_7' title="bbox 242 817 1956 1962">
     <span class='ocr_line' id='line_1_9' title="bbox 303 817 1955 877; baseline -0.001 -12"><span class='ocrx_word' id='word_1_39' title='bbox 303 821 399 865; x_wconf 86' lang='lat' dir='ltr'>Tali</span> <span class='ocrx_word' id='word_1_40' title='bbox 416 820 558 868; x_wconf 80' lang='lat' dir='ltr'>cruci.</span> <span class='ocrx_word' id='word_1_41' title='bbox 578 820 676 877; x_wconf 93' lang='lat' dir='ltr'>ipso</span> <span class='ocrx_word' id='word_1_42' title='bbox 693 818 943 862; x_wconf 78' lang='lat' dir='ltr'>erectionis</span> <span class='ocrx_word' id='word_1_43' title='bbox 964 817 1101 873; x_wconf 84' lang='lat' dir='ltr'>facto,</span> <span class='ocrx_word' id='word_1_44' title='bbox 1121 817 1380 876; x_wconf 87' lang='lat' dir='ltr'>affiguntur</span> <span class='ocrx_word' id='word_1_45' title='bbox 1394 818 1467 862; x_wconf 76' lang='lat' dir='ltr'>hae</span> <span class='ocrx_word' id='word_1_46' title='bbox 1485 818 1787 877; x_wconf 70' lang='lat' dir='ltr'>indulgenti-ee</span> <span class='ocrx_word' id='word_1_47' title='bbox 1813 834 1820 862; x_wconf 91' lang='lat'><strong>:</strong></span> <span class='ocrx_word' id='word_1_48' title='bbox 1839 845 1896 850; x_wconf 86' lang='lat'>———</span> <span class='ocrx_word' id='word_1_49' title='bbox 1911 825 1955 872; x_wconf 83' lang='lat' dir='ltr'>a)</span> 
     </span>
     <span class='ocr_line' id='line_1_10' title="bbox 244 895 1954 953; baseline -0.002 -10"><span class='ocrx_word' id='word_1_50' title='bbox 244 913 337 943; x_wconf 89' lang='lat' dir='ltr'>una</span> <span class='ocrx_word' id='word_1_51' title='bbox 366 898 541 942; x_wconf 78' lang='lat' dir='ltr'>mensis</span> <span class='ocrx_word' id='word_1_52' title='bbox 571 896 836 940; x_wconf 76' lang='lat' dir='ltr'>decembris</span> <span class='ocrx_word' id='word_1_53' title='bbox 887 895 978 951; x_wconf 93' lang='lat' dir='ltr'>die,</span> <span class='ocrx_word' id='word_1_54' title='bbox 996 896 1304 953; x_wconf 64' lang='lat' dir='ltr'>&#39;indulgyentia</span> <span class='ocrx_word' id='word_1_55' title='bbox 1324 896 1561 952; x_wconf 77' lang='lat' dir='ltr'>plenaria,</span> <span class='ocrx_word' id='word_1_56' title='bbox 1595 896 1841 940; x_wconf 87' lang='lat' dir='ltr'>ordinariis</span> <span class='ocrx_word' id='word_1_57' title='bbox 1869 896 1954 940; x_wconf 91' lang='lat' dir='ltr'>sub</span> 
     </span>
     <span class='ocr_line' id='line_1_11' title="bbox 244 972 1955 1031; baseline -0.001 -11"><span class='ocrx_word' id='word_1_58' title='bbox 244 975 606 1031; x_wconf 89' lang='lat' dir='ltr'>conditionibus,</span> <span class='ocrx_word' id='word_1_59' title='bbox 631 972 1042 1028; x_wconf 75' lang='lat' dir='ltr'>christifidelibus,</span> <span class='ocrx_word' id='word_1_60' title='bbox 1067 972 1148 1031; x_wconf 86' lang='lat' dir='ltr'>qui</span> <span class='ocrx_word' id='word_1_61' title='bbox 1179 977 1287 1016; x_wconf 89' lang='lat' dir='ltr'>ante</span> <span class='ocrx_word' id='word_1_62' title='bbox 1315 972 1442 1017; x_wconf 90' lang='lat' dir='ltr'>illam</span> <span class='ocrx_word' id='word_1_63' title='bbox 1470 973 1623 1017; x_wconf 86' lang='lat' dir='ltr'>tribus</span> <span class='ocrx_word' id='word_1_64' title='bbox 1651 973 1817 1018; x_wconf 86' lang='lat' dir='ltr'>saltem</span> <span class='ocrx_word' id='word_1_65' title='bbox 1846 973 1955 1018; x_wconf 89' lang='lat' dir='ltr'>vici-</span> 
     </span>
     <span class='ocr_line' id='line_1_12' title="bbox 243 1049 1954 1111; baseline -0.002 -13"><span class='ocrx_word' id='word_1_66' title='bbox 243 1054 348 1108; x_wconf 90' lang='lat' dir='ltr'>bus,</span> <span class='ocrx_word' id='word_1_67' title='bbox 384 1052 592 1111; x_wconf 87' lang='lat' dir='ltr'>quolibet</span> <span class='ocrx_word' id='word_1_68' title='bbox 621 1064 799 1105; x_wconf 89' lang='lat' dir='ltr'>mense,</span> <span class='ocrx_word' id='word_1_69' title='bbox 833 1055 904 1094; x_wconf 89' lang='lat' dir='ltr'>ter</span> <span class='ocrx_word' id='word_1_70' title='bbox 940 1050 1199 1094; x_wconf 88' lang='lat' dir='ltr'>orationem</span> <span class='ocrx_word' id='word_1_71' title='bbox 1231 1049 1519 1094; x_wconf 77' lang='lat' dir='ltr'>dominicam</span> <span class='ocrx_word' id='word_1_72' title='bbox 1553 1055 1599 1095; x_wconf 91' lang='lat' dir='ltr'>et</span> <span class='ocrx_word' id='word_1_73' title='bbox 1627 1050 1954 1095; x_wconf 88' lang='lat' dir='ltr'>salutationem</span> 
     </span>
     <span class='ocr_line' id='line_1_13' title="bbox 244 1127 1956 1190; baseline -0.002 -15"><span class='ocrx_word' id='word_1_74' title='bbox 244 1131 501 1190; x_wconf 75' lang='lat' dir='ltr'>angelicam</span> <span class='ocrx_word' id='word_1_75' title='bbox 523 1143 630 1174; x_wconf 90' lang='lat' dir='ltr'>cum</span> <span class='ocrx_word' id='word_1_76' title='bbox 655 1128 820 1173; x_wconf 78' lang='lat' dir='ltr'>Gloria</span> <span class='ocrx_word' id='word_1_77' title='bbox 835 1128 975 1172; x_wconf 71' lang='lat' dir='ltr'>Patri</span> <span class='ocrx_word' id='word_1_78' title='bbox 996 1127 1308 1183; x_wconf 81' lang='lat' dir='ltr'>recitaverint,</span> <span class='ocrx_word' id='word_1_79' title='bbox 1330 1128 1379 1171; x_wconf 91' lang='lat' dir='ltr'>in</span> <span class='ocrx_word' id='word_1_80' title='bbox 1405 1128 1635 1172; x_wconf 85' lang='lat' dir='ltr'>honorem</span> <span class='ocrx_word' id='word_1_81' title='bbox 1657 1128 1799 1172; x_wconf 91' lang='lat' dir='ltr'>trium</span> <span class='ocrx_word' id='word_1_82' title='bbox 1822 1129 1956 1172; x_wconf 87' lang='lat' dir='ltr'>hora-</span> 
     </span>
     <span class='ocr_line' id='line_1_14' title="bbox 243 1205 1955 1266; baseline -0.002 -13"><span class='ocrx_word' id='word_1_83' title='bbox 243 1223 347 1253; x_wconf 85' lang='lat' dir='ltr'>rum</span> <span class='ocrx_word' id='word_1_84' title='bbox 376 1208 553 1266; x_wconf 78' lang='lat' dir='ltr'>agoniae</span> <span class='ocrx_word' id='word_1_85' title='bbox 581 1206 779 1261; x_wconf 76' lang='lat' dir='ltr'>Christi,</span> <span class='ocrx_word' id='word_1_86' title='bbox 809 1232 867 1237; x_wconf 92' lang='lat'><strong>—</strong></span> <span class='ocrx_word' id='word_1_87' title='bbox 889 1206 930 1259; x_wconf 81' lang='lat' dir='ltr'>b)</span> <span class='ocrx_word' id='word_1_88' title='bbox 959 1205 1253 1263; x_wconf 70' lang='lat' dir='ltr'>indulyentia</span> <span class='ocrx_word' id='word_1_89' title='bbox 1281 1207 1485 1263; x_wconf 77' lang='lat' dir='ltr'>quinque</span> <span class='ocrx_word' id='word_1_90' title='bbox 1520 1218 1768 1261; x_wconf 72' lang='lat' dir='ltr'>annorum,</span> <span class='ocrx_word' id='word_1_91' title='bbox 1811 1205 1955 1250; x_wconf 86' lang='lat' dir='ltr'>semel</span> 
     </span>
     <span class='ocr_line' id='line_1_15' title="bbox 242 1282 1950 1342; baseline -0.002 -12"><span class='ocrx_word' id='word_1_92' title='bbox 242 1287 290 1330; x_wconf 91' lang='lat' dir='ltr'>in</span> <span class='ocrx_word' id='word_1_93' title='bbox 317 1286 406 1341; x_wconf 92' lang='lat' dir='ltr'>die,</span> <span class='ocrx_word' id='word_1_94' title='bbox 437 1284 655 1330; x_wconf 90' lang='lat' dir='ltr'>omnibus</span> <span class='ocrx_word' id='word_1_95' title='bbox 681 1283 760 1342; x_wconf 88' lang='lat' dir='ltr'>qui</span> <span class='ocrx_word' id='word_1_96' title='bbox 787 1288 893 1328; x_wconf 88' lang='lat' dir='ltr'>ante</span> <span class='ocrx_word' id='word_1_97' title='bbox 915 1282 1059 1339; x_wconf 89' lang='lat' dir='ltr'>illam,</span> <span class='ocrx_word' id='word_1_98' title='bbox 1083 1283 1224 1327; x_wconf 90' lang='lat' dir='ltr'>corde</span> <span class='ocrx_word' id='word_1_99' title='bbox 1260 1282 1426 1328; x_wconf 87' lang='lat' dir='ltr'>saltem</span> <span class='ocrx_word' id='word_1_100' title='bbox 1448 1283 1663 1340; x_wconf 89' lang='lat' dir='ltr'>contrito,</span> <span class='ocrx_word' id='word_1_101' title='bbox 1695 1288 1767 1327; x_wconf 91' lang='lat' dir='ltr'>ter</span> <span class='ocrx_word' id='word_1_102' title='bbox 1791 1284 1950 1336; x_wconf 76' lang='lat' dir='ltr'>Pater,</span> 
     </span>
     <span class='ocr_line' id='line_1_16' title="bbox 242 1360 1955 1420; baseline -0.002 -11"><span class='ocrx_word' id='word_1_103' title='bbox 242 1365 352 1418; x_wconf 81' lang='lat' dir='ltr'>Ave,</span> <span class='ocrx_word' id='word_1_104' title='bbox 393 1363 569 1417; x_wconf 79' lang='lat' dir='ltr'>Gloria,</span> <span class='ocrx_word' id='word_1_105' title='bbox 609 1361 772 1405; x_wconf 90' lang='lat' dir='ltr'>eadem</span> <span class='ocrx_word' id='word_1_106' title='bbox 811 1361 1087 1417; x_wconf 91' lang='lat' dir='ltr'>intentione,</span> <span class='ocrx_word' id='word_1_107' title='bbox 1131 1361 1447 1406; x_wconf 83' lang='lat' dir='ltr'>recitaverint.</span> <span class='ocrx_word' id='word_1_108' title='bbox 1483 1387 1541 1392; x_wconf 93' lang='lat'>—</span> <span class='ocrx_word' id='word_1_109' title='bbox 1576 1366 1614 1414; x_wconf 83' lang='lat' dir='ltr'>e)</span> <span class='ocrx_word' id='word_1_110' title='bbox 1644 1360 1845 1419; x_wconf 83' lang='lat' dir='ltr'>Insuper</span> <span class='ocrx_word' id='word_1_111' title='bbox 1876 1362 1955 1420; x_wconf 90' lang='lat' dir='ltr'>qui</span> 
     </span>
     <span class='ocr_line' id='line_1_17' title="bbox 242 1438 1951 1496; baseline -0.002 -10"><span class='ocrx_word' id='word_1_112' title='bbox 242 1442 477 1486; x_wconf 81' lang='lat' dir='ltr'>intersunt</span> <span class='ocrx_word' id='word_1_113' title='bbox 512 1439 754 1495; x_wconf 83' lang='lat' dir='ltr'>erectioni,</span> <span class='ocrx_word' id='word_1_114' title='bbox 794 1438 1037 1483; x_wconf 89' lang='lat' dir='ltr'>lucrantur</span> <span class='ocrx_word' id='word_1_115' title='bbox 1079 1438 1421 1496; x_wconf 80' lang='lat' dir='ltr'>indulgentiam</span> <span class='ocrx_word' id='word_1_116' title='bbox 1463 1440 1712 1482; x_wconf 73' lang='lat' dir='ltr'>tercentum</span> <span class='ocrx_word' id='word_1_117' title='bbox 1748 1439 1951 1494; x_wconf 76' lang='lat' dir='ltr'>dieram,</span> 
     </span>
     <span class='ocr_line' id='line_1_18' title="bbox 244 1515 1954 1576; baseline -0.002 -12"><span class='ocrx_word' id='word_1_118' title='bbox 244 1524 288 1564; x_wconf 90' lang='lat' dir='ltr'>et</span> <span class='ocrx_word' id='word_1_119' title='bbox 313 1519 345 1562; x_wconf 92' lang='lat' dir='ltr'>ii</span> <span class='ocrx_word' id='word_1_120' title='bbox 373 1518 451 1576; x_wconf 81' lang='lat' dir='ltr'>qui</span> <span class='ocrx_word' id='word_1_121' title='bbox 487 1516 779 1562; x_wconf 88' lang='lat' dir='ltr'>conditiones</span> <span class='ocrx_word' id='word_1_122' title='bbox 824 1515 1086 1560; x_wconf 88' lang='lat' dir='ltr'>ordinarias</span> <span class='ocrx_word' id='word_1_123' title='bbox 1133 1515 1438 1573; x_wconf 86' lang='lat' dir='ltr'>expleverint,</span> <span class='ocrx_word' id='word_1_124' title='bbox 1476 1516 1761 1573; x_wconf 75' lang='lat' dir='ltr'>plenariam,</span> <span class='ocrx_word' id='word_1_125' title='bbox 1800 1515 1848 1559; x_wconf 91' lang='lat' dir='ltr'>in</span> <span class='ocrx_word' id='word_1_126' title='bbox 1881 1516 1954 1560; x_wconf 89' lang='lat' dir='ltr'>die</span> 
     </span>
     <span class='ocr_line' id='line_1_19' title="bbox 243 1592 1950 1650; baseline -0.002 -10"><span class='ocrx_word' id='word_1_127' title='bbox 243 1595 558 1641; x_wconf 88' lang='lat' dir='ltr'>anniversaria</span> <span class='ocrx_word' id='word_1_128' title='bbox 596 1593 861 1650; x_wconf 86' lang='lat' dir='ltr'>erectionis,</span> <span class='ocrx_word' id='word_1_129' title='bbox 904 1598 999 1650; x_wconf 90' lang='lat' dir='ltr'>aut,</span> <span class='ocrx_word' id='word_1_130' title='bbox 1044 1594 1083 1637; x_wconf 90' lang='lat' dir='ltr'>si</span> <span class='ocrx_word' id='word_1_131' title='bbox 1119 1593 1221 1637; x_wconf 82' lang='lat' dir='ltr'>haec</span> <span class='ocrx_word' id='word_1_132' title='bbox 1260 1593 1435 1638; x_wconf 89' lang='lat' dir='ltr'>incidat</span> <span class='ocrx_word' id='word_1_133' title='bbox 1473 1593 1521 1637; x_wconf 90' lang='lat' dir='ltr'>in</span> <span class='ocrx_word' id='word_1_134' title='bbox 1562 1592 1686 1637; x_wconf 91' lang='lat' dir='ltr'>diem</span> <span class='ocrx_word' id='word_1_135' title='bbox 1723 1592 1950 1650; x_wconf 85' lang='lat' dir='ltr'>ferialem,</span> 
     </span>
     <span class='ocr_line' id='line_1_20' title="bbox 243 1669 1954 1730; baseline -0.002 -12"><span class='ocrx_word' id='word_1_136' title='bbox 243 1674 479 1718; x_wconf 83' lang='lat' dir='ltr'>dominica</span> <span class='ocrx_word' id='word_1_137' title='bbox 515 1672 725 1730; x_wconf 80' lang='lat' dir='ltr'>proxime</span> <span class='ocrx_word' id='word_1_138' title='bbox 762 1671 990 1730; x_wconf 85' lang='lat' dir='ltr'>sequenti.</span> <span class='ocrx_word' id='word_1_139' title='bbox 1046 1670 1227 1729; x_wconf 88' lang='lat' dir='ltr'>(Comp.</span> <span class='ocrx_word' id='word_1_140' title='bbox 1272 1669 1376 1726; x_wconf 68' lang='lat'>348,</span> <span class='ocrx_word' id='word_1_141' title='bbox 1417 1670 1476 1715; x_wconf 89' lang='lat' dir='ltr'>cf.</span> <span class='ocrx_word' id='word_1_142' title='bbox 1526 1669 1707 1715; x_wconf 84' lang='lat' dir='ltr'>Summ.</span> <span class='ocrx_word' id='word_1_143' title='bbox 1752 1670 1954 1730; x_wconf 87' lang='lat' dir='ltr'>Indulg.)</span> 
     </span>
     <span class='ocr_line' id='line_1_21' title="bbox 243 1748 1954 1807; baseline -0.002 -11"><span class='ocrx_word' id='word_1_144' title='bbox 243 1778 299 1784; x_wconf 89' lang='lat'><strong>—</strong></span> <span class='ocrx_word' id='word_1_145' title='bbox 326 1752 370 1805; x_wconf 76' lang='lat' dir='ltr'>cl)</span> <span class='ocrx_word' id='word_1_146' title='bbox 392 1750 613 1804; x_wconf 85' lang='lat' dir='ltr'>Quamvis</span> <span class='ocrx_word' id='word_1_147' title='bbox 633 1762 742 1794; x_wconf 88' lang='lat' dir='ltr'>vero</span> <span class='ocrx_word' id='word_1_148' title='bbox 764 1762 858 1793; x_wconf 89' lang='lat' dir='ltr'>non</span> <span class='ocrx_word' id='word_1_149' title='bbox 886 1748 1030 1794; x_wconf 90' lang='lat' dir='ltr'>relata</span> <span class='ocrx_word' id='word_1_150' title='bbox 1061 1749 1110 1792; x_wconf 90' lang='lat' dir='ltr'>in</span> <span class='ocrx_word' id='word_1_151' title='bbox 1139 1748 1422 1804; x_wconf 87' lang='lat' dir='ltr'>Summario,</span> <span class='ocrx_word' id='word_1_152' title='bbox 1464 1748 1731 1793; x_wconf 88' lang='lat' dir='ltr'>adnectitur</span> <span class='ocrx_word' id='word_1_153' title='bbox 1765 1761 1954 1807; x_wconf 83' lang='lat' dir='ltr'>quoquc</span> 
     </span>
     <span class='ocr_line' id='line_1_22' title="bbox 244 1826 1953 1886; baseline -0.002 -12"><span class='ocrx_word' id='word_1_154' title='bbox 244 1829 372 1874; x_wconf 87' lang='lat' dir='ltr'>cruci</span> <span class='ocrx_word' id='word_1_155' title='bbox 408 1827 696 1886; x_wconf 90' lang='lat' dir='ltr'>indulgentia</span> <span class='ocrx_word' id='word_1_156' title='bbox 737 1831 928 1871; x_wconf 87' lang='lat' dir='ltr'>centum</span> <span class='ocrx_word' id='word_1_157' title='bbox 968 1826 1169 1882; x_wconf 88' lang='lat' dir='ltr'>dierum,</span> <span class='ocrx_word' id='word_1_158' title='bbox 1218 1826 1440 1870; x_wconf 90' lang='lat' dir='ltr'>omnibus</span> <span class='ocrx_word' id='word_1_159' title='bbox 1485 1839 1675 1871; x_wconf 86' lang='lat' dir='ltr'>crucem</span> <span class='ocrx_word' id='word_1_160' title='bbox 1719 1826 1953 1871; x_wconf 89' lang='lat' dir='ltr'>missionis</span> 
     </span>
     <span class='ocr_line' id='line_1_23' title="bbox 242 1903 1951 1962; baseline -0.002 -12"><span class='ocrx_word' id='word_1_161' title='bbox 242 1906 551 1961; x_wconf 80' lang='lat' dir='ltr'>visitantibus,</span> <span class='ocrx_word' id='word_1_162' title='bbox 576 1910 621 1949; x_wconf 92' lang='lat' dir='ltr'>et</span> <span class='ocrx_word' id='word_1_163' title='bbox 641 1903 945 1948; x_wconf 86' lang='lat' dir='ltr'>fundentibus</span> <span class='ocrx_word' id='word_1_164' title='bbox 966 1903 1224 1962; x_wconf 86' lang='lat' dir='ltr'>quamlibet</span> <span class='ocrx_word' id='word_1_165' title='bbox 1253 1903 1530 1959; x_wconf 90' lang='lat' dir='ltr'>orationem,</span> <span class='ocrx_word' id='word_1_166' title='bbox 1561 1917 1644 1961; x_wconf 91' lang='lat' dir='ltr'>per</span> <span class='ocrx_word' id='word_1_167' title='bbox 1670 1904 1951 1961; x_wconf 88' lang='lat' dir='ltr'>rescriptum</span> 
     </span>
    </p>
   </div>
   <div class='ocr_carea' id='block_1_7' title="bbox 244 1961 2118 2041">
    <p class='ocr_par' dir='ltr' id='par_1_8' title="bbox 244 1961 2133 2041">
     <span class='ocr_line' id='line_1_24' title="bbox 244 1961 2118 2041; baseline -0.001 -14"><span class='ocrx_word' id='word_1_168' title='bbox 244 1984 313 2027; x_wconf 85' lang='lat' dir='ltr'>Pii</span> <span class='ocrx_word' id='word_1_169' title='bbox 339 1984 417 2040; x_wconf 79' lang='lat' dir='ltr'>IX,</span> <span class='ocrx_word' id='word_1_170' title='bbox 437 1983 608 2041; x_wconf 75' lang='lat' dir='ltr'>l9jan.</span> <span class='ocrx_word' id='word_1_171' title='bbox 631 1981 764 2037; x_wconf 77' lang='lat'>1851,</span> <span class='ocrx_word' id='word_1_172' title='bbox 797 1994 1034 2025; x_wconf 89' lang='lat' dir='ltr'>concessa.</span> <span class='ocrx_word' id='word_1_173' title='bbox 1072 1980 1224 2036; x_wconf 91' lang='lat' dir='ltr'>(Inst.,</span> <span class='ocrx_word' id='word_1_174' title='bbox 1247 1985 1278 2025; x_wconf 92' lang='lat' dir='ltr'>t.</span> <span class='ocrx_word' id='word_1_175' title='bbox 1307 1980 1391 2034; x_wconf 87' lang='lat' dir='ltr'>III,</span> <span class='ocrx_word' id='word_1_176' title='bbox 1416 1994 1521 2039; x_wconf 91' lang='lat' dir='ltr'>app.</span> <span class='ocrx_word' id='word_1_177' title='bbox 1553 1994 1585 2037; x_wconf 94' lang='lat'>1,</span> <span class='ocrx_word' id='word_1_178' title='bbox 1610 1994 1655 2039; x_wconf 90' lang='lat' dir='ltr'>p.</span> <span class='ocrx_word' id='word_1_179' title='bbox 1684 1980 1777 2035; x_wconf 83' lang='grc'>18.)</span> <span class='ocrx_word' id='word_1_180' title='bbox 1804 1980 1861 2026; x_wconf 91' lang='lat' dir='ltr'>Et</span> <span class='ocrx_word' id='word_1_181' title='bbox 1879 1980 1952 2025; x_wconf 74' lang='lat' dir='ltr'>ha]</span> <span class='ocrx_word' id='word_1_182' title='bbox 2007 1970 2010 1974; x_wconf 51' lang='grc'>’</span> <span class='ocrx_word' id='word_1_183' title='bbox 2070 2022 2078 2031; x_wconf 72' lang='lat'>.</span> <span class='ocrx_word' id='word_1_184' title='bbox 2112 1961 2118 1977; x_wconf 37' lang='grc' dir='ltr'>Ἰ</span> 
     </span>
    </p>
   </div>
   <div class='ocr_carea' id='block_1_8' title="bbox 244 2058 1595 2118">
    <p class='ocr_par' dir='ltr' id='par_1_9' title="bbox 244 2058 1595 2118">
     <span class='ocr_line' id='line_1_25' title="bbox 244 2058 1595 2118; baseline -0.002 -13"><span class='ocrx_word' id='word_1_185' title='bbox 244 2075 423 2116; x_wconf 84' lang='lat' dir='ltr'>omnes,</span> <span class='ocrx_word' id='word_1_186' title='bbox 447 2066 638 2118; x_wconf 82' lang='lat' dir='ltr'>excepta</span> <span class='ocrx_word' id='word_1_187' title='bbox 658 2059 841 2116; x_wconf 88' lang='lat' dir='ltr'>ultima,</span> <span class='ocrx_word' id='word_1_188' title='bbox 871 2063 1068 2116; x_wconf 90' lang='lat' dir='ltr'>possunt</span> <span class='ocrx_word' id='word_1_189' title='bbox 1094 2058 1327 2103; x_wconf 86' lang='lat' dir='ltr'>defunctis</span> <span class='ocrx_word' id='word_1_190' title='bbox 1356 2058 1595 2117; x_wconf 88' lang='lat' dir='ltr'>applicari.</span> 
     </span>
    </p>
   </div>
   <div class='ocr_carea' id='block_1_9' title="bbox 390 2235 1800 2291">
    <p class='ocr_par' dir='ltr' id='par_1_10' title="bbox 390 2235 1800 2291">
     <span class='ocr_line' id='line_1_26' title="bbox 390 2235 1800 2291; baseline -0.001 -11"><span class='ocrx_word' id='word_1_191' title='bbox 390 2236 433 2280; x_wconf 65' lang='lat'>3⁰</span> <span class='ocrx_word' id='word_1_192' title='bbox 460 2236 675 2290; x_wconf 74' lang='lat' dir='ltr'>Rosaria,</span> <span class='ocrx_word' id='word_1_193' title='bbox 708 2247 897 2288; x_wconf 77' lang='lat' dir='ltr'>coronae,</span> <span class='ocrx_word' id='word_1_194' title='bbox 924 2247 1091 2288; x_wconf 71' lang='lat' dir='ltr'>eruces,</span> <span class='ocrx_word' id='word_1_195' title='bbox 1118 2235 1421 2289; x_wconf 72' lang='lat' dir='ltr'>numismata,</span> <span class='ocrx_word' id='word_1_196' title='bbox 1440 2247 1602 2291; x_wconf 73' lang='lat' dir='ltr'>parvae</span> <span class='ocrx_word' id='word_1_197' title='bbox 1621 2236 1800 2278; x_wconf 61' lang='lat' dir='ltr'>statute.</span> 
     </span>
    </p>
   </div>
   <div class='ocr_carea' id='block_1_10' title="bbox 246 2376 1951 2590">
    <p class='ocr_par' dir='ltr' id='par_1_11' title="bbox 246 2376 1951 2590">
     <span class='ocr_line' id='line_1_27' title="bbox 304 2376 1950 2436; baseline -0.001 -13"><span class='ocrx_word' id='word_1_198' title='bbox 304 2379 382 2423; x_wconf 88' lang='lat' dir='ltr'>Eis</span> <span class='ocrx_word' id='word_1_199' title='bbox 414 2379 701 2436; x_wconf 86' lang='lat' dir='ltr'>Superiores,</span> <span class='ocrx_word' id='word_1_200' title='bbox 735 2377 1000 2435; x_wconf 85' lang='lat' dir='ltr'>horumque</span> <span class='ocrx_word' id='word_1_201' title='bbox 1036 2377 1465 2422; x_wconf 86' lang='lat' dir='ltr'>communicatione</span> <span class='ocrx_word' id='word_1_202' title='bbox 1503 2376 1663 2421; x_wconf 88' lang='lat' dir='ltr'>Patres</span> <span class='ocrx_word' id='word_1_203' title='bbox 1700 2376 1757 2420; x_wconf 88' lang='lat' dir='ltr'>ad</span> <span class='ocrx_word' id='word_1_204' title='bbox 1797 2391 1950 2421; x_wconf 84' lang='lat' dir='ltr'>sacras</span> 
     </span>
     <span class='ocr_line' id='line_1_28' title="bbox 246 2454 1950 2512; baseline -0.001 -12"><span class='ocrx_word' id='word_1_205' title='bbox 246 2457 507 2511; x_wconf 87' lang='lat' dir='ltr'>missiones,</span> <span class='ocrx_word' id='word_1_206' title='bbox 530 2455 764 2510; x_wconf 82' lang='lat' dir='ltr'>exercitia,</span> <span class='ocrx_word' id='word_1_207' title='bbox 788 2454 982 2499; x_wconf 77' lang='lat' dir='ltr'>verbum</span> <span class='ocrx_word' id='word_1_208' title='bbox 1010 2454 1093 2498; x_wconf 91' lang='lat' dir='ltr'>Dei</span> <span class='ocrx_word' id='word_1_209' title='bbox 1119 2454 1471 2512; x_wconf 74' lang='lat' dir='ltr'>praedicandum</span> <span class='ocrx_word' id='word_1_210' title='bbox 1495 2458 1810 2509; x_wconf 87' lang='lat' dir='ltr'>excurrentes,</span> <span class='ocrx_word' id='word_1_211' title='bbox 1841 2468 1950 2498; x_wconf 90' lang='lat' dir='ltr'>ncc-</span> 
     </span>
     <span class='ocr_line' id='line_1_29' title="bbox 246 2531 1951 2590; baseline -0.001 -13"><span class='ocrx_word' id='word_1_212' title='bbox 246 2547 338 2577; x_wconf 88' lang='lat' dir='ltr'>non</span> <span class='ocrx_word' id='word_1_213' title='bbox 368 2547 488 2577; x_wconf 89' lang='lat' dir='ltr'>unus</span> <span class='ocrx_word' id='word_1_214' title='bbox 518 2532 688 2577; x_wconf 83' lang='lat' dir='ltr'>alterve</span> <span class='ocrx_word' id='word_1_215' title='bbox 722 2532 939 2576; x_wconf 87' lang='lat' dir='ltr'>sacerdos</span> <span class='ocrx_word' id='word_1_216' title='bbox 970 2532 1017 2575; x_wconf 90' lang='lat' dir='ltr'>in</span> <span class='ocrx_word' id='word_1_217' title='bbox 1044 2545 1324 2590; x_wconf 86' lang='lat' dir='ltr'>unaquaque</span> <span class='ocrx_word' id='word_1_218' title='bbox 1357 2532 1542 2588; x_wconf 83' lang='lat' dir='ltr'>domo¹,</span> <span class='ocrx_word' id='word_1_219' title='bbox 1582 2531 1860 2576; x_wconf 88' lang='lat' dir='ltr'>benedicere</span> <span class='ocrx_word' id='word_1_220' title='bbox 1906 2537 1951 2575; x_wconf 94' lang='lat' dir='ltr'>et</span> 
     </span>
    </p>
   </div>
   <div class='ocr_carea' id='block_1_11' title="bbox 244 2697 1949 3022">
    <p class='ocr_par' dir='ltr' id='par_1_12' title="bbox 244 2697 1949 2880">
     <span class='ocr_line' id='line_1_30' title="bbox 288 2697 1948 2738; baseline -0.001 -9"><span class='ocrx_word' id='word_1_221' title='bbox 288 2701 295 2721; x_wconf 89' lang='lat'><strong>¹</strong></span> <span class='ocrx_word' id='word_1_222' title='bbox 318 2698 474 2730; x_wconf 71' lang='lat' dir='ltr'>Secunda</span> <span class='ocrx_word' id='word_1_223' title='bbox 501 2697 604 2728; x_wconf 79' lang='lat' dir='ltr'>editio</span> <span class='ocrx_word' id='word_1_224' title='bbox 632 2697 776 2737; x_wconf 74' lang='lat' dir='ltr'>hujusce</span> <span class='ocrx_word' id='word_1_225' title='bbox 803 2697 1008 2738; x_wconf 86' lang='lat' dir='ltr'>Compendii</span> <span class='ocrx_word' id='word_1_226' title='bbox 1038 2697 1207 2728; x_wconf 76' lang='lat' dir='ltr'>referebat</span> <span class='ocrx_word' id='word_1_227' title='bbox 1231 2697 1501 2729; x_wconf 79' lang='lat' dir='ltr'>declarationem</span> <span class='ocrx_word' id='word_1_228' title='bbox 1520 2697 1706 2738; x_wconf 85' lang='lat' dir='ltr'>quamdam</span> <span class='ocrx_word' id='word_1_229' title='bbox 1724 2697 1787 2728; x_wconf 85' lang='lat' dir='ltr'>sub</span> <span class='ocrx_word' id='word_1_230' title='bbox 1807 2697 1948 2728; x_wconf 87' lang='lat' dir='ltr'>nomine</span> 
     </span>
     <span class='ocr_line' id='line_1_31' title="bbox 247 2744 1949 2786; baseline -0.001 -10"><span class='ocrx_word' id='word_1_231' title='bbox 247 2746 279 2776; x_wconf 76' lang='grc' dir='ltr'>Ρ.</span> <span class='ocrx_word' id='word_1_232' title='bbox 297 2745 470 2786; x_wconf 61' lang='lat' dir='ltr'>Reynaud,</span> <span class='ocrx_word' id='word_1_233' title='bbox 485 2745 710 2776; x_wconf 68' lang='lat' dir='ltr'>Provincialis</span> <span class='ocrx_word' id='word_1_234' title='bbox 723 2745 976 2783; x_wconf 70' lang='lat' dir='ltr'>Lugdunensis,</span> <span class='ocrx_word' id='word_1_235' title='bbox 988 2745 1060 2776; x_wconf 84' lang='lat' dir='ltr'>dec.</span> <span class='ocrx_word' id='word_1_236' title='bbox 1075 2744 1157 2776; x_wconf 59' lang='lat'><em>&gt;1868</em></span> <span class='ocrx_word' id='word_1_237' title='bbox 1170 2745 1258 2786; x_wconf 86' lang='lat' dir='ltr'>(pag.</span> <span class='ocrx_word' id='word_1_238' title='bbox 1273 2745 1344 2783; x_wconf 60' lang='lat'>451,</span> <span class='ocrx_word' id='word_1_239' title='bbox 1360 2745 1457 2785; x_wconf 84' lang='lat' dir='ltr'>not.),</span> <span class='ocrx_word' id='word_1_240' title='bbox 1476 2755 1515 2776; x_wconf 81' lang='lat' dir='ltr'>ex</span> <span class='ocrx_word' id='word_1_241' title='bbox 1533 2755 1599 2785; x_wconf 85' lang='lat' dir='ltr'>qua</span> <span class='ocrx_word' id='word_1_242' title='bbox 1615 2744 1823 2785; x_wconf 83' lang='lat' dir='ltr'>permissum</span> <span class='ocrx_word' id='word_1_243' title='bbox 1839 2744 1949 2775; x_wconf 84' lang='lat' dir='ltr'>suerat</span> 
     </span>
     <span class='ocr_line' id='line_1_32' title="bbox 245 2791 1947 2824; baseline -0.001 -1"><span class='ocrx_word' id='word_1_244' title='bbox 245 2797 280 2823; x_wconf 85' lang='lat' dir='ltr'>ut</span> <span class='ocrx_word' id='word_1_245' title='bbox 297 2793 458 2823; x_wconf 84' lang='lat' dir='ltr'>omnibus</span> <span class='ocrx_word' id='word_1_246' title='bbox 472 2793 627 2823; x_wconf 83' lang='lat' dir='ltr'>Patribus</span> <span class='ocrx_word' id='word_1_247' title='bbox 645 2793 844 2824; x_wconf 82' lang='lat' dir='ltr'>domesticis</span> <span class='ocrx_word' id='word_1_248' title='bbox 861 2793 1181 2824; x_wconf 82' lang='lat' dir='ltr'>communicaretur</span> <span class='ocrx_word' id='word_1_249' title='bbox 1197 2793 1269 2824; x_wconf 68' lang='lat' dir='ltr'>hinc</span> <span class='ocrx_word' id='word_1_250' title='bbox 1287 2793 1441 2824; x_wconf 79' lang='lat' dir='ltr'>facultas.</span> <span class='ocrx_word' id='word_1_251' title='bbox 1462 2793 1501 2823; x_wconf 76' lang='lat' dir='ltr'>At</span> <span class='ocrx_word' id='word_1_252' title='bbox 1525 2792 1660 2823; x_wconf 75' lang='lat' dir='ltr'>videtur</span> <span class='ocrx_word' id='word_1_253' title='bbox 1678 2792 1734 2822; x_wconf 87' lang='lat' dir='ltr'>illa</span> <span class='ocrx_word' id='word_1_254' title='bbox 1753 2791 1947 2823; x_wconf 86' lang='lat' dir='ltr'>communi-</span> 
     </span>
     <span class='ocr_line' id='line_1_33' title="bbox 244 2839 1867 2880; baseline -0.001 -10"><span class='ocrx_word' id='word_1_255' title='bbox 244 2841 340 2875; x_wconf 74' lang='lat' dir='ltr'>catio,</span> <span class='ocrx_word' id='word_1_256' title='bbox 358 2840 490 2871; x_wconf 69' lang='lat' dir='ltr'>etiamsi</span> <span class='ocrx_word' id='word_1_257' title='bbox 509 2844 724 2880; x_wconf 82' lang='lat' dir='ltr'>supponatur</span> <span class='ocrx_word' id='word_1_258' title='bbox 741 2840 854 2871; x_wconf 78' lang='lat' dir='ltr'>adhuc</span> <span class='ocrx_word' id='word_1_259' title='bbox 872 2841 997 2880; x_wconf 78' lang='lat' dir='ltr'>vigere,</span> <span class='ocrx_word' id='word_1_260' title='bbox 1019 2850 1088 2871; x_wconf 88' lang='lat' dir='ltr'>non</span> <span class='ocrx_word' id='word_1_261' title='bbox 1108 2840 1214 2871; x_wconf 81' lang='lat' dir='ltr'>fuisse</span> <span class='ocrx_word' id='word_1_262' title='bbox 1234 2840 1300 2871; x_wconf 87' lang='lat' dir='ltr'>nisi</span> <span class='ocrx_word' id='word_1_263' title='bbox 1321 2840 1539 2880; x_wconf 84' lang='lat' dir='ltr'>particularis</span> <span class='ocrx_word' id='word_1_264' title='bbox 1557 2840 1638 2870; x_wconf 81' lang='lat' dir='ltr'>huic</span> <span class='ocrx_word' id='word_1_265' title='bbox 1656 2839 1867 2870; x_wconf 66' lang='lat' dir='ltr'>Provinciae.</span> 
     </span>
    </p>

    <p class='ocr_par' dir='ltr' id='par_1_13' title="bbox 244 2886 1944 2974">
     <span class='ocr_line' id='line_1_34' title="bbox 288 2886 1944 2927; baseline -0.001 -9"><span class='ocrx_word' id='word_1_266' title='bbox 288 2888 395 2918; x_wconf 64' lang='lat' dir='ltr'>Exstat</span> <span class='ocrx_word' id='word_1_267' title='bbox 414 2888 448 2918; x_wconf 87' lang='lat' dir='ltr'>in</span> <span class='ocrx_word' id='word_1_268' title='bbox 473 2888 611 2918; x_wconf 72' lang='lat' dir='ltr'>archivo</span> <span class='ocrx_word' id='word_1_269' title='bbox 637 2888 765 2918; x_wconf 73' lang='lat' dir='ltr'>Domus</span> <span class='ocrx_word' id='word_1_270' title='bbox 787 2887 909 2918; x_wconf 68' lang='lat' dir='ltr'>Tertia}</span> <span class='ocrx_word' id='word_1_271' title='bbox 935 2887 1152 2918; x_wconf 83' lang='lat' dir='ltr'>Probationis</span> <span class='ocrx_word' id='word_1_272' title='bbox 1177 2888 1370 2919; x_wconf 78' lang='lat' dir='ltr'>Castrensis</span> <span class='ocrx_word' id='word_1_273' title='bbox 1394 2887 1590 2927; x_wconf 71' lang='lat' dir='ltr'>exemplum</span> <span class='ocrx_word' id='word_1_274' title='bbox 1615 2887 1764 2918; x_wconf 82' lang='lat' dir='ltr'>(luorum</span> <span class='ocrx_word' id='word_1_275' title='bbox 1791 2886 1944 2917; x_wconf 72' lang='lat' dir='ltr'>Indutio-</span> 
     </span>
     <span class='ocr_line' id='line_1_35' title="bbox 244 2935 704 2974; baseline 0.002 -10"><span class='ocrx_word' id='word_1_276' title='bbox 244 2945 321 2964; x_wconf 79' lang='lat' dir='ltr'>runi</span> <span class='ocrx_word' id='word_1_277' title='bbox 341 2945 416 2974; x_wconf 73' lang='lat' dir='ltr'>quw</span> <span class='ocrx_word' id='word_1_278' title='bbox 435 2935 483 2965; x_wconf 80' lang='lat' dir='ltr'>sic</span> <span class='ocrx_word' id='word_1_279' title='bbox 502 2944 536 2965; x_wconf 70' lang='lat' dir='ltr'>sc</span> <span class='ocrx_word' id='word_1_280' title='bbox 556 2935 704 2965; x_wconf 74' lang='lat' dir='ltr'>liabent:</span> 
     </span>
    </p>

    <p class='ocr_par' dir='ltr' id='par_1_14' title="bbox 286 2980 1943 3022">
     <span class='ocr_line' id='line_1_36' title="bbox 286 2980 1943 3022; baseline 0 -10"><span class='ocrx_word' id='word_1_281' title='bbox 286 2996 295 3006; x_wconf 58' lang='grc' dir='ltr'>ιι</span> <span class='ocrx_word' id='word_1_282' title='bbox 323 2982 517 3012; x_wconf 46' lang='lat' dir='ltr'>beatissimis·</span> <span class='ocrx_word' id='word_1_283' title='bbox 539 2982 644 3015; x_wconf 65' lang='lat' dir='ltr'>l‘atvr,</span> <span class='ocrx_word' id='word_1_284' title='bbox 667 2983 842 3022; x_wconf 62' lang='lat' dir='ltr'>Prwpositi</span> <span class='ocrx_word' id='word_1_285' title='bbox 863 2982 1094 3013; x_wconf 61' lang='lat' dir='ltr'>provinciales</span> <span class='ocrx_word' id='word_1_286' title='bbox 1113 2982 1292 3013; x_wconf 60' lang='lat' dir='ltr'>Sociotatis</span> <span class='ocrx_word' id='word_1_287' title='bbox 1309 2983 1387 3013; x_wconf 60' lang='lat' dir='ltr'>,lesu</span> <span class='ocrx_word' id='word_1_288' title='bbox 1411 2983 1443 3013; x_wconf 85' lang='lat' dir='ltr'>in</span> <span class='ocrx_word' id='word_1_289' title='bbox 1470 2982 1588 3017; x_wconf 76' lang='lat' dir='ltr'>Gallia,</span> <span class='ocrx_word' id='word_1_290' title='bbox 1616 2982 1654 3013; x_wconf 76' lang='lat' dir='ltr'>:ul</span> <span class='ocrx_word' id='word_1_291' title='bbox 1682 2981 1785 3022; x_wconf 63' lang='lat' dir='ltr'>podes</span> <span class='ocrx_word' id='word_1_292' title='bbox 1809 2980 1943 3012; x_wconf 75' lang='lat' dir='ltr'>Sancti-</span> 
     </span>
    </p>
   </div>
   <div class='ocr_carea' id='block_1_12' title="bbox 2063 350 2145 368">
    <p class='ocr_par' dir='ltr' id='par_1_15' title="bbox 2063 350 2145 368">
     <span class='ocr_line' id='line_1_37' title="bbox 2063 350 2145 368; baseline 0 -8"><span class='ocrx_word' id='word_1_293' title='bbox 2063 350 2145 368; x_wconf 57' lang='lat' dir='ltr'>‘f</span> 
     </span>
    </p>
   </div>
   <div class='ocr_carea' id='block_1_13' title="bbox 2051 440 2145 1579">
    <p class='ocr_par' dir='ltr' id='par_1_16' title="bbox 2057 440 2145 573">
     <span class='ocr_line' id='line_1_38' title="bbox 2058 440 2145 502; baseline -0.092 -18"><span class='ocrx_word' id='word_1_294' title='bbox 2058 440 2145 502; x_wconf 59' lang='lat' dir='ltr'>applica]</span> 
     </span>
     <span class='ocr_line' id='line_1_39' title="bbox 2057 516 2145 573; baseline -0.114 -7"><span class='ocrx_word' id='word_1_295' title='bbox 2057 516 2145 573; x_wconf 63' lang='lat' dir='ltr'>indulge</span> 
     </span>
    </p>

    <p class='ocr_par' dir='ltr' id='par_1_17' title="bbox 2051 594 2145 1501">
     <span class='ocr_line' id='line_1_40' title="bbox 2084 594 2145 642; baseline -0.098 0"><span class='ocrx_word' id='word_1_296' title='bbox 2084 597 2120 642; x_wconf 57' lang='lat' dir='ltr'>Effe</span> <span class='ocrx_word' id='word_1_297' title='bbox 2133 594 2145 636; x_wconf 69' lang='lat' dir='ltr'>ii</span> 
     </span>
     <span class='ocr_line' id='line_1_41' title="bbox 2057 681 2145 734; baseline -0.114 -11"><span class='ocrx_word' id='word_1_298' title='bbox 2057 681 2145 734; x_wconf 61' lang='lat' dir='ltr'>impres</span> 
     </span>
     <span class='ocr_line' id='line_1_42' title="bbox 2055 750 2144 800; baseline -0.022 -1"><span class='ocrx_word' id='word_1_299' title='bbox 2055 757 2109 800; x_wconf 65' lang='lat' dir='ltr'>vitro</span> <span class='ocrx_word' id='word_1_300' title='bbox 2122 750 2144 793; x_wconf 65' lang='lat' dir='ltr'>ila</span> 
     </span>
     <span class='ocr_line' id='line_1_43' title="bbox 2055 831 2145 892; baseline -0.044 -18"><span class='ocrx_word' id='word_1_301' title='bbox 2055 831 2145 892; x_wconf 64' lang='lat' dir='ltr'>applica</span> 
     </span>
     <span class='ocr_line' id='line_1_44' title="bbox 2054 906 2145 956; baseline -0.066 0"><span class='ocrx_word' id='word_1_302' title='bbox 2054 906 2145 956; x_wconf 65' lang='lat' dir='ltr'>confecti</span> 
     </span>
     <span class='ocr_line' id='line_1_45' title="bbox 2053 991 2134 1034; baseline -0.062 0"><span class='ocrx_word' id='word_1_303' title='bbox 2053 991 2134 1034; x_wconf 72' lang='lat' dir='ltr'>serrum</span> 
     </span>
     <span class='ocr_line' id='line_1_46' title="bbox 2053 1068 2145 1112; baseline -0.065 0"><span class='ocrx_word' id='word_1_304' title='bbox 2053 1068 2145 1112; x_wconf 52' lang='lat' dir='ltr'>allaim</span> 
     </span>
     <span class='ocr_line' id='line_1_47' title="bbox 2052 1150 2145 1189; baseline -0.032 0"><span class='ocrx_word' id='word_1_305' title='bbox 2052 1150 2145 1189; x_wconf 65' lang='lat' dir='ltr'>sentire.</span> 
     </span>
     <span class='ocr_line' id='line_1_48' title="bbox 2052 1221 2143 1282; baseline -0.044 -14"><span class='ocrx_word' id='word_1_306' title='bbox 2052 1221 2143 1282; x_wconf 62' lang='lat' dir='ltr'>tyrologi</span> 
     </span>
     <span class='ocr_line' id='line_1_49' title="bbox 2051 1301 2144 1360; baseline -0.022 -15"><span class='ocrx_word' id='word_1_307' title='bbox 2051 1301 2121 1360; x_wconf 75' lang='lat' dir='ltr'>possit</span> <span class='ocrx_word' id='word_1_308' title='bbox 2134 1314 2144 1343; x_wconf 78' lang='lat' dir='ltr'>r</span> 
     </span>
     <span class='ocr_line' id='line_1_50' title="bbox 2051 1384 2145 1423; baseline -0.021 0"><span class='ocrx_word' id='word_1_309' title='bbox 2051 1384 2120 1423; x_wconf 72' lang='lat' dir='ltr'>strem</span> <span class='ocrx_word' id='word_1_310' title='bbox 2134 1392 2145 1422; x_wconf 72' lang='lat' dir='ltr'>a</span> 
     </span>
     <span class='ocr_line' id='line_1_51' title="bbox 2051 1456 2145 1501; baseline 0 -2"><span class='ocrx_word' id='word_1_311' title='bbox 2051 1456 2104 1501; x_wconf 74' lang='lat' dir='ltr'>dicti</span> <span class='ocrx_word' id='word_1_312' title='bbox 2118 1458 2145 1501; x_wconf 60' lang='lat' dir='ltr'>A]</span> 
     </span>
    </p>

    <p class='ocr_par' dir='ltr' id='par_1_18' title="bbox 2080 1534 2143 1579">
     <span class='ocr_line' id='line_1_52' title="bbox 2080 1534 2143 1579; baseline 0.016 -1"><span class='ocrx_word' id='word_1_313' title='bbox 2080 1534 2105 1578; x_wconf 81' lang='lat' dir='ltr'>ln</span> <span class='ocrx_word' id='word_1_314' title='bbox 2124 1550 2143 1579; x_wconf 75' lang='lat' dir='ltr'>a</span> 
     </span>
    </p>
   </div>
   <div class='ocr_carea' id='block_1_14' title="bbox 2052 1619 2141 1750">
    <p class='ocr_par' dir='ltr' id='par_1_19' title="bbox 2052 1619 2141 1750">
     <span class='ocr_line' id='line_1_53' title="bbox 2052 1619 2136 1658; baseline 0.024 -2"><span class='ocrx_word' id='word_1_315' title='bbox 2052 1619 2136 1658; x_wconf 63' lang='lat' dir='ltr'>autent.</span> 
     </span>
     <span class='ocr_line' id='line_1_54' title="bbox 2052 1692 2141 1750; baseline 0.011 -14"><span class='ocrx_word' id='word_1_316' title='bbox 2052 1692 2087 1736; x_wconf 74' lang='lat' dir='ltr'>nis</span> <span class='ocrx_word' id='word_1_317' title='bbox 2101 1706 2141 1750; x_wconf 73' lang='lat' dir='ltr'>per</span> 
     </span>
    </p>
   </div>
   <div class='ocr_carea' id='block_1_15' title="bbox 2043 1755 2145 3366">
    <p class='ocr_par' dir='ltr' id='par_1_20' title="bbox 2043 1755 2145 3366">
     <span class='ocr_line' id='line_1_55' title="bbox 2043 1755 2145 3366; baseline 0 0"><span class='ocrx_word' id='word_1_318' title='bbox 2043 1755 2145 3366; x_wconf 95' lang='lat' dir='ltr'> </span> 
     </span>
    </p>
   </div>
  </div>
 </body>
</html>
