2145 3366
3 1266 76 1326 ollegio

9 1346 77 1390 ionem

7 1425 78 1469 imissa

2 1504 17 1547 's
26 1503 78 1547 haut

6 1588 79 1625 statem

0 1660 79 1709 ,iltioni

882 260 1189 288 sonAmTA'rEs
1809 250 1883 290 :371

185 430 342 481 altaris
354 436 644 495 privilegiati,
661 436 848 495 quando
862 449 945 493 pro
967 436 1151 480 Nostris
1173 436 1425 480 celebrant.
1451 435 1747 489 (Benedictus
1766 436 1886 482 XIV.

183 539 242 546 —
261 514 515 572 Gregorius
533 513 703 568 XVI.)5
724 512 792 558 Cf.
818 526 924 571 app.
943 513 1001 557 de
1019 513 1141 557 Priv.
1164 513 1301 570 infra,
1325 527 1370 572 p.
1395 513 1456 569 II,
1479 514 1598 571 §vin
1621 514 1672 558 in
1692 514 1885 559 scholio.

238 627 251 655 1
273 629 579 665 Commendatur
596 632 640 665 ut
664 631 813 665 statuta
834 628 1064 665 Sodalitatis
1088 629 1383 665 conformentur
1403 630 1563 666 statutis
1585 630 1725 666 Primae
1744 630 1891 666 Prima-
1944 633 1998 661 418

185 689 254 725 riae
269 693 463 735 quantum
483 691 703 735 temporum
721 688 976 733 locorumque
996 688 1240 724 conditiones
1262 689 1509 732 suadebunt;
1530 692 1567 725 et
1583 686 1634 738 (si
1653 690 1818 736 quaestio
1832 692 1891 725 est

186 748 233 784 de
252 751 414 785 externa
438 748 661 793 sodalitate)
683 748 733 784 ab
751 747 939 793 Episcopo
959 751 1026 783 aut
1045 758 1093 783 ex
1119 748 1279 793 speciali
1298 748 1542 794 delegatione
1561 759 1583 784 a
1603 749 1757 785 Vicario
1776 759 1892 796 gene-

185 808 259 844 rali
289 808 572 854 approbentur.
597 808 824 853 (Instructio
853 807 900 842 de
929 806 1119 853 Congreg.
1144 807 1186 843 B.
1211 807 1262 843 M.
1285 807 1331 843 V.
1357 808 1430 843 rite
1459 808 1730 853 instituendis,
1760 809 1893 844 Romae

185 867 412 914 impressa.)

239 926 348 971 Quod
369 926 699 973 Congregationes
719 926 955 962 feminarum
976 926 1214 972 participare
1234 926 1387 971 possint
1405 926 1690 973 indulgentias,
1713 927 1762 963 ci.
1787 926 1826 964 S.
1847 926 1888 964 C.

187 986 361 1032 Indulg,
388 986 435 1021 12
452 986 545 1021 maii
566 985 678 1022 1844.
699 986 748 1021 At
764 985 1095 1031 Congregationes
1110 986 1226 1021 Bonae
1241 986 1377 1021 Mortis
1396 986 1538 1022 debent
1553 986 1698 1023 habere
1712 987 1891 1023 eumdem

185 1046 347 1082 titulum
368 1055 412 1081 ac
433 1045 650 1088 Primaria;
675 1044 1003 1091 Congregationes
1035 1055 1126 1080 vero
1148 1045 1189 1080 B.
1216 1045 1267 1080 M.
1290 1045 1336 1080 V.
1361 1045 1532 1081 habeant
1558 1056 1717 1082 necesse
1742 1049 1802 1083 est
1822 1057 1893 1092 pro

186 1105 300 1141 titulo
319 1104 528 1151 principali
549 1104 710 1149 aliquod
731 1104 965 1150 mysterium
986 1106 1055 1140 aut
1076 1104 1333 1140 testivitatem
1354 1105 1395 1140 B.
1421 1105 1567 1141 Mariae.
1592 1105 1664 1152 (Cf.
1688 1106 1889 1153 Beringer‚

185 1166 254 1200 Des
272 1163 537 1211 Indulyences‚
559 1167 587 1199 t.
612 1164 660 1206 ΙΙ,
685 1174 723 1209 p.
749 1163 840 1207 ⁵294,
864 1166 901 1199 et
921 1163 1174 1199 Benedictum
1194 1163 1295 1207 XIV,
1325 1162 1510 1200 Gloriosae
1529 1164 1737 1212 Dominae.)

238 1238 255 1265 2
275 1241 396 1277 Hodie
416 1242 463 1277 de
484 1241 599 1276 modo
618 1241 850 1287 peragenda}
870 1240 1176 1287 aggregationis,
1195 1241 1244 1276 cf.
1268 1241 1388 1276 litter.
1411 1241 1450 1276 P.
1469 1241 1709 1289 Anderledy‚
1728 1243 1777 1279 30
1799 1253 1889 1290 aug.

189 1300 304 1337 1885.
327 1301 501 1347 Singulae
521 1300 750 1336 sodalitates
771 1303 999 1336 nostrorum
1029 1299 1291 1346 Collegiorum
1322 1301 1525 1346 proprium
1557 1302 1729 1347 diploma
1749 1303 1894 1339 habere

185 1360 342 1396 debent.
359 1360 555 1396 Sodalitas
572 1360 638 1396 SS.
655 1359 896 1406 Angelorum
912 1359 1118 1406 aggregari
1134 1362 1261 1405 potest
1277 1360 1478 1396 Primariae
1493 1361 1567 1397 sub
1583 1361 1698 1397 titulo
1713 1362 1754 1398 B.
1776 1363 1827 1398 M.
1844 1362 1890 1399 V.

185 1419 342 1466 Reginae
362 1420 618 1466 Angelorum.

239 1480 314 1515 Nec
334 1490 469 1515 omnes
490 1480 638 1525 passim
664 1479 848 1514 alumnos
869 1479 909 1513 in
931 1488 996 1514 eas
1018 1479 1175 1514 adniitti
1193 1480 1387 1523 convenit,
1415 1483 1458 1515 ut
1478 1480 1562 1516 fieri
1586 1481 1683 1517 solet
1703 1481 1745 1518 in
1763 1482 1890 1526 Italia,

185 1549 312 1585 neque
332 1542 464 1575 tamen
485 1549 620 1574 earum
642 1539 865 1584 ingressum
888 1538 984 1573 adeo
1005 1538 1204 1574 difficilem
1223 1539 1386 1575 reddere
1401 1542 1443 1575 ut
1458 1540 1551 1575 olim
1572 1541 1755 1587 Friburgi
1775 1541 1894 1578 fiebat

186 1598 238 1645 (d.
260 1609 345 1645 apr.
371 1598 502 1644 1855).

239 1659 322 1695 Non
342 1662 401 1694 est
422 1658 662 1704 postulanda
689 1657 945 1693 sodalitatum
966 1657 1165 1693 institutio
1187 1658 1254 1693 ubi
1282 1661 1396 1694 rectae
1416 1659 1717 1706 gubernationis
1739 1661 1893 1698 diutur-

186 1729 325 1765 naeque
344 1718 656 1754 conservationis
675 1727 764 1762 spes
785 1720 890 1752 certa
909 1727 987 1752 non
1009 1717 1121 1752 adest
1143 1717 1185 1763 (ι’.
1211 1717 1324 1754 Prov.
1347 1718 1490 1761 Tolos.,
1518 1718 1654 1769 1865.)

240 1778 471 1814 Conanduin
506 1781 566 1813 est
600 1787 665 1812 eos
697 1777 871 1812 virorum
905 1779 1029 1812 coetus
1062 1777 1129 1822 qui
1163 1776 1238 1811 NN.
1277 1777 1484 1813 directioni
1514 1780 1817 1817 committuntur
1844 1782 1895 1818 ad

186 1837 542 1884 Congregationum
572 1837 739 1872 sormam
769 1836 945 1881 redigere
966 1835 1029 1881 (17
1052 1845 1136 1881 apr.
1168 1835 1299 1882 1873).
1324 1836 1380 1872 Ci.
1406 1848 1562 1883 quoque
1587 1839 1627 1874 P.
1652 1839 1892 1887 Anderledy‚

187 1897 211 1934 8
227 1897 312 1943 jun.
342 1896 456 1939 1884,
484 1897 530 1932 de
551 1895 828 1942 promovendis
849 1895 911 1930 his
931 1895 1079 1930 nostris
1110 1894 1504 1942 Congregationibus‚
1533 1901 1576 1933 ut
1598 1898 1780 1936 Societati
1808 1911 1895 1946 pro-

187 1958 298 2003 priis.
322 1957 367 1993 Et
388 1957 428 1992 C.
462 1956 525 1999 G.‚
557 1956 692 1999 XXIV,
721 1955 785 1998 20,
818 1965 858 1990 n.
901 1954 939 1990 4.
981 1955 1043 1990 Eae
1074 1965 1164 1990 vero
1196 1955 1427 1992 sodalitates
1458 1967 1546 2002 quae
1575 1962 1662 2004 post
1692 1959 1896 1996 Societatis

187 2017 507 2063 suppressionem
539 2016 589 2051 ab
618 2015 783 2060 antiqua
812 2024 951 2050 norma
981 2014 1225 2050 deflexerunt
1260 2015 1310 2050 ad
1339 2026 1425 2051 eain
1456 2017 1632 2053 suaviter
1664 2019 1897 2056 reducendae

187 2080 294 2112 sunt.
319 2077 363 2111 In
384 2076 433 2111 iis
454 2086 542 2120 quae
562 2075 677 2110 modo
703 2074 971 2109 instituuntur
1000 2083 1081 2119 prae
1102 2074 1226 2109 oculis
1248 2085 1402 2120 semper
1422 2075 1615 2112 habeatur
1641 2088 1777 2114 eorum
1805 2079 1897 2115 finis

186 2136 255 2182 qui
275 2139 334 2172 est
362 2136 518 2171 cultura
546 2134 726 2180 spiritus.
751 2133 1011 2169 Abstine-atur
1031 2133 1081 2168 ab
1108 2134 1292 2179 expensis
1323 2145 1411 2180 quae
1441 2136 1624 2172 collectas
1653 2139 1897 2175 necessarias

187 2196 419 2238 redderent;
441 2198 478 2230 et
499 2194 665 2240 pecunia
685 2203 707 2229 a
729 2193 992 2229 directoribus
1013 2203 1093 2228 non
1114 2193 1346 2229 retineatur.
1372 2191 1502 2243 (Prov.
1527 2195 1621 2240 Sic„
1648 2196 1785 2247 1835.)

239 2270 255 2297 3
270 2273 314 2308 In
329 2272 493 2318 antiqua
510 2271 701 2307 Societate
719 2270 879 2306 nonnisi
897 2270 938 2305 in
952 2270 1101 2306 nostris
1123 2271 1306 2307 domibus
1320 2271 1575 2318 erigebantur
1596 2274 1839 2319 sodalitates,
1860 2279 1898 2312 et

187 2332 242 2368 ita
262 2332 421 2378 quidem
449 2335 492 2367 ut
512 2331 573 2367 hae
601 2333 732 2366 essent
763 2340 855 2376 pars
876 2333 913 2365 et
940 2331 1055 2376 quasi
1084 2331 1307 2366 membrum
1337 2331 1455 2367 istius
1486 2333 1626 2369 domus
1652 2344 1675 2369 a
1705 2345 1782 2380 qua
1812 2346 1898 2372 esse

187 2392 456 2438 independens
483 2401 562 2426 non
591 2390 794 2426 haberent.
826 2386 1058 2438 (Gregorius
1091 2390 1170 2433 XV,
1204 2389 1318 2427 Alias
1343 2400 1418 2438 pro
1446 2396 1574 2439 parte,
1609 2396 1646 2428 et
1676 2395 1896 2439 praesertim

188 2452 421 2488 Benedictus
436 2451 535 2493 XIV,
553 2448 799 2495 Laudabile.)
815 2449 1010 2484 Restituta
1027 2459 1117 2484 vero
1138 2449 1329 2485 Societate
1340 2451 1520 2495 permisit
1541 2452 1615 2487 Leo
1633 2453 1702 2488 XII
1716 2450 1757 2502 (7
1777 2457 1894 2491 mart.

191 2511 315 2556 1825)
351 2510 586 2546 erectionem
625 2511 878 2544 externarum
918 2509 1036 2544 etiam
1079 2509 1334 2545 sodalitatuni
1373 2520 1472 2555 quas
1509 2511 1695 2557 dirigeret
1731 2514 1898 2559 quilibet

189 2571 372 2606 sacerdos
397 2581 404 2604 :
436 2569 643 2614 utriusque
669 2568 808 2603 classis
836 2568 936 2603 ratio
965 2569 1124 2604 diversa
1153 2569 1289 2604 sedulo
1310 2579 1391 2614 prae
1417 2570 1541 2605 oculis
1568 2571 1750 2608 habenda
1770 2577 1829 2609 est
1849 2584 1898 2610 ne

189 2629 388 2666 modernis
410 2628 585 2665 externis
613 2627 892 2663 sodalitatibus
913 2631 1058 2663 temere
1087 2628 1335 2674 applicentur
1361 2639 1405 2664 ea
1425 2639 1513 2674 quae
1533 2630 1708 2676 antiquis
1729 2632 1898 2670 internis

188 2693 301 2725 erant
320 2689 495 2735 propria,
518 2688 576 2723 uti
597 2690 670 2730 est,
695 2687 736 2722 in
763 2686 903 2732 specie,
927 2687 1155 2722 omnimoda
1183 2687 1373 2733 subjectio
1404 2689 1627 2725 sodalitatis
1657 2690 1840 2728 Societati
1860 2697 1897 2729 et

189 2748 494 2795 independentia
522 2747 570 2782 ab
592 2746 813 2782 OrdinariO.
838 2746 936 2781 Huic
965 2747 1069 2782 enim
1098 2747 1310 2792 pertinent,
1335 2747 1376 2782 in
1396 2749 1570 2784 externis
1600 2750 1894 2797 sodalitatibus,

189 2809 393 2851 confectio,
420 2807 636 2852 adaptatio,
658 2805 967 2852 approbatioque
987 2809 1241 2849 statutorum,
1267 2807 1481 2843 sacerdotis
1503 2809 1762 2847 moderatoris
1783 2812 1897 2849 insti-

190 2869 304 2911 tutio,
325 2869 388 2914 ]'us
418 2866 672 2909 visitationis,
696 2869 769 2901 etc.
795 2866 838 2900 In
865 2865 1041 2910 antiquis
1070 2876 1090 2902 e
1121 2869 1257 2901 contra
1278 2867 1324 2901 de
1344 2866 1414 2901 tali
1437 2867 1679 2912 subiectione
1707 2870 1897 2908 immunis

190 2933 274 2967 erat
295 2930 499 2973 sodalitas,
524 2931 567 2964 ut
593 2938 681 2973 quae
708 2937 794 2964 esse
823 2930 860 2963 et
887 2927 989 2963 bona
1020 2938 1098 2963 non
1128 2928 1290 2963 haberet
1317 2938 1339 2963 a
1368 2928 1572 2966 Societatis
1603 2931 1716 2968 bonis
1746 2936 1783 2969 et
1812 2945 1898 2971 esse

191 2991 392 3026 distincta.
418 2990 456 3025 Si
478 2989 566 3034 quis
593 2988 891 3033 Congregationi
925 2988 1075 3032 aliquid
1103 2988 1197 3022 dare
1217 2990 1285 3023 aut
1307 2988 1529 3033 relinquere
1555 2992 1751 3036 cupiebat,
1776 2994 1815 3029 id
1837 2995 1896 3030 vel

1952 2285 2005 2312 419
