2145 3366
749 894 934 951 CAPUT
983 892 1268 953 QUARTUM

570 1099 636 1132 DE
680 1095 1037 1132 COLLEGIORUM
1082 1093 1436 1128 INSTITUTIONE

657 1458 1059 1498 ARTICULUS
1102 1456 1370 1496 PRIMUS

728 1602 788 1641 De
815 1602 968 1641 scholis
999 1599 1294 1651 inferioribus.

223 1773 257 1817 I.
289 1799 346 1805 —
373 1773 593 1818 Quaenam
615 1771 787 1816 scholae
807 1770 1033 1815 habendae
1058 1769 1089 1814 ¹.
1113 1795 1171 1800 —-
1193 1769 1301 1813 Non
1322 1768 1542 1812 convenit
1569 1773 1619 1812 ut
1646 1768 1800 1826 legere
1822 1772 1868 1811 et
1923 1782 1976 1810 475

163 1851 368 1896 scribere
403 1850 536 1909 pueri
562 1850 609 1892 in
644 1849 815 1892 nostris
849 1847 1022 1892 scholis
1056 1847 1296 1891 addiscant
1328 1845 1566 1889 ordinarie
1593 1850 1673 1889 aut
1704 1845 1868 1889 saltem

163 1943 188 1972 a
209 1929 312 1972 NN.
332 1931 348 1958 ²³-
369 1927 503 1984 (Cst.,
530 1927 606 1983 IV,
624 1940 705 1977 XII,
725 1926 798 1982 C.)
815 1926 1102 1970 Concessum
1120 1930 1276 1968 tamen
1298 1929 1408 1967 esta
1430 1923 1478 1967 C.
1507 1923 1562 1967 G.
1589 1923 1675 1966 XX
1702 1923 1767 1979 (d.
1792 1922 1868 1978 21)

162 2012 213 2051 ut
234 2005 406 2049 schola}
425 2005 734 2049 elementares
749 2004 797 2047 in
816 2003 988 2047 nostris
1004 2002 1293 2046 convictibus
1315 2015 1340 2044 a
1356 2000 1491 2044 Patre
1513 2000 1684 2044 Nostro
1706 2000 1870 2044 haberi

163 2084 563 2142 permitterentur,
606 2081 861 2126 dummodo
895 2081 942 2124 id
985 2080 1150 2138 majori
1190 2079 1312 2123 bono
1353 2093 1447 2122 non
1489 2077 1678 2122 officiat.
1723 2077 1871 2122 Simul

164 2173 272 2204 vero
292 2159 672 2204 commendatum
695 2163 764 2202 est
782 2163 833 2202 ut
853 2157 911 2202 ab
926 2157 1029 2201 alus
1050 2156 1204 2214 potius
1232 2169 1373 2214 quam
1392 2169 1417 2198 a
1439 2154 1542 2199 NN.
1570 2154 1867 2199 docerentur.

169 2237 257 2282 Ubi
285 2237 551 2295 eligendum
586 2240 671 2292 est,
701 2249 889 2293 semper
922 2235 1191 2292 superiores
1224 2233 1396 2277 scholae
1428 2232 1582 2289 potius
1610 2232 1872 2276 retinendae

166 2320 290 2358 sunt.
316 2314 429 2357 Tres
452 2318 590 2357 erunt
610 2312 927 2357 communiter
953 2311 1126 2355 scholae
1153 2310 1498 2369 grammatices,
1523 2314 1687 2367 quarta
1707 2309 1874 2352 huma-

166 2392 353 2436 niorum
384 2391 662 2446 litterarum,
694 2390 855 2447 quinta
882 2389 1164 2443 rhetorices,
1202 2388 1262 2431 ita
1293 2392 1346 2431 ut
1369 2400 1570 2444 semper,
1602 2386 1785 2430 etiamsi
1814 2387 1872 2431 ob

167 2469 368 2514 nImium
405 2467 744 2526 disprulorum
779 2480 1030 2511 numerum
1063 2465 1237 2510 scholae
1280 2464 1576 2523 geminandae
1611 2469 1784 2520 essent,
1826 2464 1875 2508 hi

168 2546 341 2605 gradus
368 2546 675 2589 retineantur.
707 2543 841 2601 (Cst.,
870 2543 944 2599 IV,
965 2556 1068 2599 xm,
1094 2543 1145 2587 B.
1170 2569 1228 2574 —
1249 2542 1313 2586 St.
1339 2541 1494 2597 Prov.,
1516 2540 1589 2596 21,
1621 2542 1732 2598 etc.)

230 2676 288 2721 ΙΙ.
306 2702 355 2708 -
375 2676 488 2722 ouid
507 2675 555 2719 in
573 2675 633 2719 iis
655 2674 930 2720 docendum.
946 2674 1070 2718 —In
1089 2675 1162 2717 his
1184 2673 1436 2717 traduntur
1454 2672 1610 2716 latinae
1631 2677 1677 2716 et
1695 2686 1874 2731 graecae,
1932 2689 1985 2718 476

172 2760 217 2798 et
248 2753 511 2797 vernaculae
535 2752 707 2810 linguae
735 2757 984 2809 praecepta.
1016 2751 1150 2807 (Cst.,
1188 2750 1265 2806 IV,
1295 2763 1377 2806 ΧΠ,
1415 2750 1483 2805 2.)
1512 2749 1880 2796 Commendatur

173 2831 454 2876 Provinciali
481 2843 631 2888 graeca
668 2829 840 2887 lingua.
886 2829 954 2886 (C.
993 2829 1067 2885 G„
1100 2828 1227 2884 VIII,
1268 2827 1366 2882 16.)
1403 2825 1567 2870 Latine
1607 2827 1876 2886 loquantur,

173 2909 381 2954 scribant
413 2913 459 2952 et
491 2907 733 2965 disputent
768 2906 998 2963 discipuli.
1031 2905 1165 2963 (Cst.,
1196 2905 1273 2961 IV,
1303 2917 1368 2959 vl,
1396 2902 1469 2947 13.
1504 2930 1562 2935 —
1589 2904 1666 2961 IV,
1689 2919 1790 2963 xm,
1811 2907 1880 2964 3.)

177 2985 230 3029 In
248 2986 322 3030 his
346 2986 485 3031 etiam
509 2984 681 3030 scholis
706 2983 950 3027 tradantur
970 2983 1196 3035 historiae,
1220 2980 1516 3040 geographiae
1534 2995 1586 3026 ac
1616 2983 1880 3030 matheseos
