2145 3366
687 250 741 277 nn
774 249 1041 277 run-uacuus
1073 249 1334 278 sociiriux'ris
1793 239 1863 277 401

219 428 267 472 20
293 426 416 480 Quas
450 426 777 485 indulgentias,
816 427 911 471 sive
949 426 1180 484 plenarias
1217 427 1312 471 sive
1352 427 1585 484 partialeS,
1623 440 1870 471 concessas

160 510 240 550 aut
260 504 600 559 concedemlaS‚
630 504 789 549 Nostri
808 504 980 548 lucrari
1008 504 1175 556 valent,
1207 505 1394 548 easdem
1417 504 1651 562 applicare
1674 509 1872 562 possunt

36 623 44 638 ,
86 639 94 646 ,
159 583 402 628 animabus
430 583 702 640 purgatorii.
728 582 907 640 (Comp.
929 582 1056 637 350.)

215 660 263 704 30
285 659 373 706 Ubi
412 673 503 703 non
548 660 747 704 habetur
786 660 995 704 Ecclesia
1034 659 1214 704 adnexa
1253 659 1432 711 domui,
1478 665 1674 717 possunt
1710 660 1870 704 Nostri

158 737 329 782 lucrari
365 738 412 780 in
445 738 659 781 oratoriis
688 737 956 781 domesticis
991 737 1071 780 ubi
1103 743 1368 781 asservatur
1395 737 1752 781 Sanctissimum
1785 737 1869 781 Sa-

158 821 450 860 cramentum
473 815 786 873 indulgentias
808 828 1053 858 concessas
1076 814 1294 859 domibus
1324 815 1586 858 ecclesiisve
1609 814 1867 859 Societatis.

158 892 286 937 Inter
319 892 420 935 illas
452 905 591 949 porro
635 891 850 936 notandas
891 896 998 935 sunt
1034 892 1336 950 indulgentiae
1375 906 1491 949 quas
1526 892 1604 935 illa
1640 892 1714 935 die
1752 892 1870 936 forte

156 969 451 1014 lucrarentur
471 968 698 1013 visitando
718 968 937 1012 ecclesias
959 969 1090 1026 piave
1118 968 1217 1013 loca
1234 968 1439 1013 Civitatis
1459 969 1603 1013 locive
1628 969 1674 1012 in
1697 970 1870 1027 quibus

156 1047 349 1105 degunt.
375 1046 557 1103 (Comp.
587 1045 691 1097 350,
720 1045 823 1101 330,
845 1045 972 1104 332.)

212 1123 256 1168 3⁰
283 1123 354 1167 Ad
387 1123 635 1167 lucrandas
659 1123 994 1181 indulgentias,
1028 1124 1169 1167 etiam
1201 1124 1434 1180 partiales,
1465 1123 1631 1168 saltem
1664 1125 1769 1180 sibi⁷
1801 1138 1870 1168 re—

154 1202 356 1260 quiritur
393 1206 540 1245 status
568 1201 752 1259 gratian
783 1201 872 1244 hoc
894 1200 1072 1245 indicat
1103 1201 1304 1244 formula
1337 1217 1356 1243 (<
1390 1201 1538 1246 Corde
1565 1203 1729 1246 saltem
1759 1216 1868 1245 con-

156 1280 289 1324 tritus
319 1293 340 1321 ))
366 1278 648 1337 quibusdam
677 1278 1062 1322 concessionibus
1085 1278 1276 1330 inserta,
1302 1279 1331 1322 i.
1360 1293 1398 1322 e.
1430 1279 1656 1323 innocens
1684 1285 1762 1323 aut
1783 1279 1869 1323 sal-

153 1361 246 1401 tem
283 1356 527 1400 contritus.
571 1355 790 1408 Quamvis
830 1356 877 1399 in
916 1369 1088 1414 genere
1134 1361 1372 1414 nequeant
1407 1356 1573 1400 eodem
1622 1357 1866 1400 numerice

152 1447 291 1492 opere
318 1434 477 1492 plures
507 1434 685 1492 acquiri
712 1433 1029 1491 indulgentiae,
1063 1433 1369 1477 nihilominus
1400 1435 1438 1477 si
1469 1434 1607 1478 alicui
1627 1434 1756 1491 operi
1782 1448 1866 1492 per

152 1511 275 1555 diem
303 1512 460 1556 iterari
488 1524 582 1555 non
609 1516 829 1555 consueto
857 1510 916 1569 (v.
948 1524 991 1568 g.
1022 1511 1360 1562 communioni,
1393 1511 1676 1556 consessioni
1704 1512 1865 1556 venia-

8 1574 83 1605 ‘ffl'
149 1589 282 1645 lium)
311 1590 624 1634 adnectuntur
651 1589 808 1647 plures
831 1603 887 1632 ex
907 1589 1046 1632 variis
1067 1589 1214 1633 titulis
1236 1589 1557 1648 indulgentiae,
1584 1604 1748 1634 omnes
1772 1590 1864 1646 liae,

150 1681 286 1725 opere
309 1666 554 1711 licethaud
571 1667 751 1717 iterato,
773 1666 929 1710 valent
945 1666 1138 1724 percipi.
1165 1666 1423 1724 (Beringer‚
1448 1672 1479 1711 t.
1512 1667 1547 1722 I,
1572 1681 1617 1725 p.
1648 1667 1743 1720 70.)
1766 1668 1866 1712 Imo

149 1745 227 1790 ubi
249 1745 505 1803 requiritur
520 1744 768 1801 confessio,
794 1745 831 1788 si
854 1745 957 1803 quis
974 1744 1091 1788 solet
1106 1744 1321 1789 confiteri
1338 1758 1522 1803 quaque
1546 1745 1861 1803 hebdomada,

150 1823 321 1867 suflicit
353 1823 454 1867 haec
484 1822 714 1867 confessio
749 1836 831 1880 pro
854 1822 1091 1866 lucrandis
1118 1822 1424 1882 indulgentiis
1459 1824 1701 1880 cujuslibet
1720 1826 1866 1881 spatii

148 1904 317 1958 septem
344 1901 525 1944 (Heriem
557 1901 855 1945 decurrentis.
902 1901 1100 1958 Insuper
1142 1901 1313 1945 nostris
1349 1901 1659 1946 missionariis
1692 1903 1864 1960 quibus

149 1978 266 2022 desit
286 1979 416 2036 copia
437 1978 710 2022 confessarii
739 1979 850 2023 satis
875 1984 945 2022 est
962 1979 1140 2036 ubique
1162 1979 1377 2038 gentium
1405 1984 1535 2024 actus
1569 1980 1866 2025 contritionis

149 2061 193 2100 ot
213 2056 462 2101 celebratio
489 2056 566 2101 SS.
589 2056 828 2101 Sacrificii.
852 2056 1036 2115 (Comp.
1059 2056 1182 2111 350.)

207 2134 296 2179 Ubi
325 2134 632 2192 requiruntur
661 2148 841 2193 preces,
871 2134 1080 2179 delectus
1116 2134 1285 2179 harum
1313 2139 1383 2179 est
1410 2135 1467 2178 ad
1490 2135 1674 2180 libitum
1697 2136 1865 2180 unius-

146 2213 386 2270 cujusque,
413 2212 502 2255 nisi
532 2212 749 2271 quaedam
783 2213 1106 2257 determinatae
1128 2213 1457 2271 assignentur:
1489 2218 1534 2257 at
1557 2213 1732 2257 debent
1759 2227 1865 2258 esse

143 2289 340 2344 vocales,
384 2290 589 2347 exceptis
635 2290 931 2335 moribundis
971 2290 1209 2348 impeditis
1250 2295 1294 2334 et
1331 2291 1490 2335 mutis.
1541 2290 1861 2336 Nihilominus

144 2366 331 2424 quidam
353 2372 568 2411 auctores
589 2373 755 2426 putant
778 2368 905 2426 quod
933 2368 971 2412 si
1000 2368 1260 2425 requiritur
1286 2369 1334 2411 in
1357 2369 1664 2412 concessione
1686 2374 1738 2412 ut
1759 2383 1865 2413 ore-

145 2448 218 2488 tur
238 2458 324 2501 per
353 2445 545 2502 aliquod
578 2447 793 2503 temporis
812 2447 1020 2503 spatium
1042 2460 1136 2490 non
1159 2447 1269 2490 satis
1298 2451 1367 2490 est
1394 2447 1541 2490 oratio
1569 2446 1726 2504 aliqua
1756 2461 1859 2505 per-

143 2535 280 2579 quam
312 2522 602 2567 brevissima.
637 2523 772 2567 Certe
804 2522 981 2567 sufficit
1017 2524 1219 2581 spatium
1250 2524 1456 2582 quinque
1488 2524 1632 2567 Pater
1665 2529 1709 2568 et
1739 2524 1854 2568 Ave.

143 2599 268 2643 Licet
289 2613 382 2643 non
404 2600 609 2645 sufficiat
630 2601 775 2645 oratio
798 2601 1032 2655 mentalis,
1057 2601 1167 2644 viris
1187 2601 1513 2658 spiritualibus
1537 2602 1716 2658 praxim
1737 2603 1861 2660 opti-

142 2689 264 2720 mam
298 2678 505 2735 suggerit
540 2678 641 2722 haec
663 2678 706 2722 S.
739 2678 786 2722 C.
811 2678 912 2722 Iud.
938 2679 1182 2736 responsio
1208 2692 1216 2721 :
1256 2693 1276 2720 «
1301 2678 1556 2722 Laudabile
1580 2678 1769 2735 quidem
1794 2686 1865 2725 est

142 2754 404 2799 mentaliter
434 2769 592 2810 orare3
626 2756 833 2800 oratione
866 2761 1023 2800 tamen
1064 2755 1254 2799 mentali
1282 2755 1438 2812 aliqua
1467 2769 1656 2814 semper
1683 2756 1853 2815 adjun-

141 2836 274 2888 gatur
294 2833 439 2876 oratio
457 2833 643 2877 vocalis.
669 2848 689 2875 ))
712 2833 768 2878 Et
790 2839 1051 2877 consonant
1072 2838 1165 2877 tres
1185 2833 1235 2877 Β.
1261 2833 1310 2876 Ρ.
1333 2833 1500 2891 Ignatii
1519 2834 1685 2878 orandi
1713 2835 1858 2879 modi.

142 2907 224 2960 (Cf.
256 2909 495 2968 Beringer,
525 2916 558 2955 t.
583 2910 618 2965 Ι,
640 2924 685 2968 p.
711 2911 783 2966 70,
810 2916 938 2969 sqq.)

199 2984 390 3038 Quando
424 2987 711 3046 indulgei‘itia
739 2989 1001 3046 assignatur
1030 2988 1120 3031 diei
1146 2988 1486 3041 determinatae,
1521 2994 1708 3047 tempus
1737 2990 1858 3035 utile

6 1677 83 1703 vocitator

6 1720 76 1759 ueqastve

7 1767 32 1798 ndi
43 1769 81 1799 siles

0 1815 81 1857 Reium

2 2481 72 2526 riolas

2 2576 11 2605 s
26 2570 71 2602 con-

3 2638 68 2683 nil-ms.

5 2733 19 2767 s,
30 2720 67 2758 etc,

2 2800 36 2839 iil.
48 2790 65 2834 l.

2 2875 66 2918 letare

4 2960 66 2995 ιΗὉΡΞ·
