2145 3366
147 733 200 759 498

156 2734 204 2758 15³⁴.)

253 225 332 263 426
972 234 1083 262 PARS
1115 235 1241 263 NONA

255 411 508 455 admissam
532 411 743 454 excusari
765 425 790 454 a
813 411 1013 467 mortali,
1038 416 1090 454 ut
1110 410 1403 467 probabilem
1425 412 1505 455 sed
1537 426 1691 470 neque
1720 417 1771 456 ut
1791 413 1955 456 tolera-

255 488 398 531 bilem
427 488 578 532 tradat
598 493 676 531 aut
697 488 943 531 consilium
972 488 1073 543 det,
1099 493 1144 531 et
1162 488 1198 531 si
1222 488 1325 545 quis
1350 489 1396 531 in
1420 489 1509 532 hoc
1536 489 1679 532 alium
1702 489 1956 546 deliquisse

258 565 453 620 noverit,
476 565 746 622 praecipitur
762 565 810 607 in
833 565 1000 608 virtute
1024 564 1202 608 Sancta}
1225 564 1518 609 Obedientiae
1550 571 1602 609 ut
1631 580 1741 609 eum
1764 566 1957 609 manife-

256 646 360 685 stet.
387 641 451 693 (C.
483 642 556 698 G.,
583 641 662 697 IX,
686 642 779 695 ⁶24.)
800 641 866 685 Cf.
892 655 1031 699 supra
1051 656 1098 685 n.
1128 642 1231 697 360,
1262 641 1341 685 ubi
1361 642 1418 685 de
1437 643 1664 686 censuris.

314 719 362 762 60
395 718 557 771 Quoad
595 719 829 763 laxitatem
865 719 1138 775 opinionum
1171 720 1446 776 generatim,
1479 719 1682 763 Societas
1715 720 1771 763 ab
1808 733 1861 763 ea
1894 721 1958 764 ita

257 795 480 839 abhorret
512 801 562 839 ut
596 795 644 839 C.
680 796 754 851 G.,
791 796 854 838 XI
883 795 944 847 (d.
981 796 1070 849 22),
1105 809 1183 839 eos
1222 810 1246 839 a
1287 810 1485 839 munere
1520 797 1716 840 docendi
1753 797 1956 840 amoveri

253 874 447 931 jusserit
469 874 549 931 qui
573 874 613 916 ei
642 873 865 916 faverent.
893 873 1185 930 Nec¹putent
1212 874 1371 918 Nostri
1398 874 1444 917 id
1473 888 1612 918 omne
1635 874 1759 932 quod
1790 874 1958 932 proba-

256 951 347 993 bile
378 951 672 994 existimatur
697 951 871 1009 vulgari
902 965 1038 1008 posse
1063 950 1090 994 ¹.
1129 951 1286 994 Severi
1321 951 1413 994 sint
1446 951 1673 995 Censores
1710 951 1955 996 librorum.

254 1027 384 1071 Cauti
416 1028 508 1071 sint
535 1028 694 1072 Nostri
725 1028 773 1071 in
801 1028 1146 1085 respondendo,
1171 1042 1258 1071 nec
1285 1029 1455 1086 scripto
1487 1029 1533 1072 id
1564 1029 1739 1086 absque
1773 1028 1959 1073 licentia

256 1104 442 1148 faciant,
467 1104 531 1157 (C.
557 1105 631 1162 G„
656 1105 762 1162 XII,
787 1105 860 1149 28.
885 1130 935 1138 —
958 1105 1079 1161 XIV,
1103 1106 1146 1150 5.
1170 1132 1228 1137 —
1254 1105 1378 1163 XXI,
1403 1106 1497 1160 214.)

307 1218 319 1245 ¹
350 1221 403 1256 Ne
433 1224 570 1266 putent
601 1222 731 1257 Nostri
762 1222 837 1257 sibi
868 1221 1020 1257 licitum
1049 1232 1135 1257 esse
1165 1221 1276 1268 sequi
1298 1222 1515 1267 quamlibet
1542 1222 1765 1268 opinionem
1787 1233 1831 1258 eo
1855 1223 1959 1268 quod

256 1280 474 1325 reperiatur
495 1281 599 1326 apud
621 1281 792 1326 aliquem
816 1281 1047 1326 scriptorem
1069 1281 1292 1323 Societatis3
1318 1281 1402 1316 fieri
1424 1282 1528 1317 enim
1550 1285 1677 1327 potest
1699 1284 1741 1317 ut
1762 1292 1830 1327 per
1851 1283 1958 1317 incu-

254 1340 353 1374 riam
376 1340 594 1385 irrepserit,
619 1341 679 1375 vel
702 1341 952 1385 postmodum
975 1341 1172 1386 prohibita
1195 1341 1312 1378 fuerit
1337 1341 1389 1386 (a.
1414 1340 1547 1386 1596).

307 1399 381 1434 Nec
415 1399 558 1434 sufficit
589 1400 738 1444 quaevis
769 1399 938 1445 alicujus
973 1400 1170 1445 opinionis
1201 1400 1460 1445 probabilitas
1494 1404 1537 1435 ut
1567 1400 1606 1435 in
1638 1400 1782 1435 scholis
1812 1400 1960 1436 nostris

256 1459 358 1494 tradi
377 1462 444 1494 aut
465 1459 505 1494 in
527 1459 865 1504 disputationibus
887 1459 1044 1494 defendi
1067 1460 1203 1505 possit.
1230 1459 1290 1504 (R.
1312 1460 1351 1494 P.
1376 1459 1518 1497 Beckx.
1543 1459 1721 1494 Ordinat.
1749 1456 1875 1507 1858).

308 1518 448 1562 Quare,
473 1521 515 1553 ut
538 1518 690 1553 monuit
710 1518 755 1553 R.
780 1519 820 1554 P.
846 1519 982 1554 Franc.
1007 1519 1256 1554 Piccolomini
1278 1519 1462 1563 cuiquam
1486 1519 1723 1563 patrocinari
1744 1529 1822 1554 non
1847 1519 1961 1554 debet

256 1577 287 1612 si
313 1587 401 1622 quae
428 1578 527 1613 [orte
554 1587 600 1613 ex
622 1578 702 1612 illis
723 1578 1059 1623 propositi0nibus
1087 1579 1339 1623 reperiuntur
1366 1578 1472 1623 apud
1499 1578 1654 1623 aliquos
1682 1581 1875 1620 auctores,
1900 1578 1961 1612 vel

255 1636 295 1671 in
323 1637 436 1672 libris
456 1637 535 1682 jam
560 1637 677 1672 editis
707 1647 729 1672 a
755 1637 921 1679 Nostris,
946 1637 1064 1672 etiam
1092 1648 1181 1672 cum
1209 1638 1342 1682 aliqua
1369 1637 1672 1682 approbatione3
1704 1647 1796 1672 nam
1822 1640 1960 1682 optan-

256 1697 349 1731 dum
373 1697 469 1732 foret
489 1699 531 1731 ut
553 1697 822 1742 diligentiores
846 1697 1011 1732 tuissent
1034 1700 1070 1732 et
1093 1697 1308 1732 severiores
1331 1697 1507 1742 plerique
1524 1697 1744 1732 Revisores,

309 1756 550 1801 Approbatio
578 1756 848 1801 Superiorum,
882 1766 969 1801 quae
994 1756 1254 1801 scriptoribus
1283 1756 1429 1791 nostris
1457 1756 1697 1793 conceditur.
1724 1765 1801 1790 non
1823 1766 1891 1801 per
1921 1766 1961 1791 se

257 1815 455 1850 sufficiens
482 1819 542 1850 est
570 1818 611 1850 ut
639 1816 833 1850 sententia
863 1816 995 1860 aliqua
1026 1816 1168 1850 evadat
1198 1816 1413 1860 probabilis
1446 1812 1607 1861 (pluries
1635 1813 1896 1863 responsum),
1922 1818 1961 1850 at

255 1875 372 1910 etiam
403 1875 614 1920 probibitio
644 1875 813 1920 aliqu'us
845 1875 1123 1920 propositionis
1155 1885 1231 1909 non
1260 1879 1318 1910 est
1346 1875 1582 1920 dogmatica,
1614 1875 1679 1909 sed
1708 1875 1957 1917 oeconomica,

257 1934 405 1969 scilicet
432 1935 584 1969 ratione
613 1937 681 1969 aut
707 1935 867 1979 majoris
899 1934 1122 1969 securitatis
1149 1937 1217 1969 aut
1245 1934 1420 1979 majoris,
1445 1934 1606 1969 attentis
1634 1933 1958 1976 circumstantiis,
2017 1965 2021 1969 .

257 1994 490 2039 prudentiae.
518 1991 586 2041 (Cf.
612 1994 702 2029 Ord.
730 1994 768 2029 P.
792 1994 1056 2031 Piccolomini,
1081 2004 1120 2029 n.
1152 1993 1210 2028 15.
1237 2014 1282 2018 —
1305 1993 1395 2028 Ord.
1421 1994 1461 2028 P.
1486 1993 1627 2033 Beckx.
1652 2003 1691 2028 n.
1716 1991 1793 2041 15.)

310 2053 349 2087 P.
369 2053 608 2098 Anderledy,
631 2053 775 2088 litteris
795 2053 844 2088 ad
867 2053 978 2088 Prov.
1006 2053 1136 2088 Germ.
1169 2053 1191 2088 8
1218 2063 1302 2097 apr.
1332 2052 1432 2088 ’1888
1455 2053 1654 2098 prohibuit
1682 2053 1729 2087 de
1758 2051 1827 2087 CC.
1855 2052 1962 2087 Assi-

257 2112 445 2147 stentium
462 2122 511 2147 ne
531 2112 691 2148 interim
707 2113 942 2148 sententiam
962 2122 1038 2157 qua
1058 2116 1225 2157 negatur
1242 2113 1439 2158 integrum
1454 2121 1573 2158 glenus
1588 2112 1806 2147 humanum
1821 2114 1962 2157 praeter

256 2172 332 2206 Noe
361 2171 551 2207 familiam
579 2171 730 2206 diluvio
760 2172 930 2207 deletum
959 2181 1058 2208 esse.
1088 2171 1217 2206 Nostri
1249 2171 1331 2206 sive
1358 2171 1557 2216 privatim,
1582 2171 1664 2206 sive
1688 2171 1856 2216 publice,
1881 2171 1963 2206 sive

257 2231 415 2273 directe,
447 2231 529 2266 sive
559 2231 749 2266 indirecte
779 2231 956 2271 doceant,
991 2231 1204 2266 defendant
1233 2234 1301 2265 aut.
1329 2232 1603 2276 promoveant;
1631 2230 1834 2270 indirecte,
1866 2230 1890 2265 i.
1924 2240 1957 2265 e.

257 2290 508 2336 proponendo
545 2290 765 2325 doctrinam
796 2290 1016 2335 oppositam
1048 2291 1155 2325 velut
1187 2290 1345 2325 dubiam
1377 2293 1445 2325 aut
1477 2290 1630 2335 magnis
1661 2289 1960 2324 difficultatibus

257 2350 480 2385 obnoxiam.
506 2349 577 2395 (Cf.
599 2350 704 2394 apud
726 2350 765 2385 P.
790 2349 962 2392 Oswald,
987 2360 1025 2384 11.
1048 2349 1156 2395 342.)

299 2460 341 2490 N.
367 2460 408 2490 B.
435 2478 470 2482 -
491 2459 609 2497 Quoad
637 2459 992 2497 Praedestinationem,
1013 2462 1093 2490 sunt
1112 2459 1146 2489 in
1165 2458 1333 2490 Societate
1352 2458 1410 2499 qui
1430 2462 1613 2498 utramque
1640 2458 1858 2496 sententiam,
1884 2461 1957 2489 tum

258 2511 347 2545 unte,
368 2511 440 2537 tum
459 2511 533 2547 post
550 2507 692 2547 praevisa
712 2507 845 2546 merita,
865 2510 1037 2537 tucantur.
1056 2507 1092 2537 El
1112 2507 1154 2537 cs.
1176 2517 1209 2537 n.
1229 2506 1300 2536 4913.

300 2554 416 2591 Quoad
433 2554 668 2585 restrictioncs
683 2554 860 2592 mentales,
876 2554 963 2584 nibil
976 2554 1072 2584 docet
1089 2553 1238 2585 Societas
1254 2553 1321 2584 nisi
1337 2553 1429 2594 quod
1444 2553 1567 2585 docent
1582 2553 1774 2594 gravissimi
1790 2556 1956 2591 auctores,

259 2605 289 2632 et
308 2602 398 2632 inter
415 2602 511 2641 alios,
531 2601 564 2633 S.
586 2602 780 2642 Liguorius,
800 2602 859 2632 ubi
878 2602 919 2632 de
937 2601 1089 2632 secundo
1108 2605 1288 2641 praecepto.

320 2720 534 2776 Demum,
575 2721 867 2764 ordinatione
908 2734 992 2778 pro
1036 2720 1344 2777 philosophiae
1379 2720 1533 2763 studio
1570 2733 1624 2762 ex
1658 2719 1958 2776 deputatione

261 2797 643 2854 Congregationis
664 2797 896 2855 generalis
920 2797 1052 2840 XXII
1072 2811 1095 2840 a
1127 2797 1182 2840 R.
1212 2797 1347 2840 Patre
1374 2796 1509 2840 Petro
1544 2796 1698 2839 Beckx
1731 2795 1955 2850 confecta,

263 2879 509 2931 sequentes
544 2875 887 2931 propositiones
922 2874 1089 2918 docere
1127 2874 1457 2930 prohibemur,
1499 2874 1561 2917 ita
1595 2878 1646 2916 ut
1679 2877 1960 2916 censeantur

262 2950 466 3007 abrogati
515 2952 663 3007 quoad
712 2951 1059 3008 philosophicas
1101 2951 1384 3008 quaestiones
1417 2950 1599 2994 elenchi
1639 2949 1960 3007 praecedcnter
