2145 3366
91 1749 102 1777 1
112 1749 143 1775 '28

85 2828 137 2854 ΜΠ

218 253 290 293 1:36
891 269 1002 296 12-st
1034 269 1242 297 stcszcan

209 445 407 490 prohiberi
429 449 553 491 potest
577 447 789 492 quominus
812 448 1025 484 doceantur
1043 449 1249 493 opiniones
1277 460 1364 494 qua*
1386 451 1610 497 singulares
1631 455 1668 488 et
1689 453 1919 498 periculosae

207 504 447 550 judicantur.
473 506 530 541 uti
552 507 783 552 prohibetur
803 518 938 543 revera
959 507 1057 551 Cst.,
1083 508 1148 551 ΙΙΙ,
1173 519 1199 551 1,
1226 508 1267 544 Ο.
1293 509 1349 555 (Ρ.
1374 510 1438 553 Α.,
1467 508 1598 560 1879.)

259 579 276 606 2
305 582 402 626 Quia
434 586 597 619 vovetur
627 584 848 620 obedientia
877 586 990 629 J'uxta
1023 585 1271 629 Institutum,
1306 587 1406 622 nihil
1437 588 1478 623 in
1510 589 1657 625 virtute
1686 590 1918 628 obedientia}

206 642 363 687 praecipi
387 645 512 687 potest
543 643 647 688 quod
674 654 752 679 non
773 644 1130 689 comprehendatur
1151 645 1192 680 in
1211 645 1288 681 fine
1315 647 1474 692 proprio
1496 647 1716 685 Societatis.
1744 647 1914 698 (Suarez,

206 701 231 735 l.
259 701 320 741 IV,
345 712 376 736 c.
401 713 470 745 ΧΠ,
495 712 535 737 n.
567 702 612 737 10
634 705 670 737 et
693 710 793 748 seq.)
815 703 857 738 Et
877 704 947 738 hoc
969 704 1072 739 valet
1089 703 1209 739 etiam
1228 705 1358 749 quoad
1378 709 1614 751 potestatem
1632 708 1918 746 dominativam

205 760 243 795 S.
269 760 480 796 Pontificis.
508 758 683 809 (Suarez,
708 762 734 797 1.
759 763 821 797 Vl.
847 774 878 797 c.
904 763 974 808 ιν.)
996 763 1101 798 Nihil
1123 763 1289 808 proinde
1311 765 1415 810 quod
1437 766 1488 801 sit
1519 770 1672 810 contra,
1705 768 1766 803 vel
1793 769 1914 814 infra,

204 820 265 854 vel
295 829 414 864 supra
451 821 651 866 regulam:
687 822 753 856 sed
785 822 855 857 hoc
886 822 939 857 ita
979 822 1286 868 intelligendum
1318 827 1397 868 est,
1437 828 1480 860 ut
1517 826 1681 862 minime
1710 831 1918 865 censeatur

203 875 258 921 (S.
282 879 381 925 Lig.,
404 880 430 914 l.
456 880 484 916 Ι.
507 890 536 915 c.
564 891 617 916 lv.
642 891 680 915 n.
706 880 784 926 38),
818 885 953 917 contra
985 882 1165 927 regulam
1197 884 1411 929 praecipere
1443 884 1629 930 Superior
1657 887 1705 929 si,
1730 888 1780 922 ad
1798 887 1917 923 finem

203 939 347 984 regulae
378 939 518 974 melius
549 940 839 985 attingendum,
873 952 895 975 a
927 941 1063 991 regula
1096 941 1362 987 dispensaret.
1387 944 1462 979 Nec
1494 945 1598 981 infra
1629 947 1807 992 regulam
1828 958 1917 983 cen-

206 998 352 1032 sendus
373 1001 474 1033 esset
495 999 659 1043 quilibet
686 1002 798 1034 actus
826 1010 871 1035 ex
894 1010 934 1035 se
955 1001 1046 1035 vilis
1077 1004 1145 1035 aut
1179 1001 1298 1036 etiam
1332 1003 1540 1045 ridiculus,
1566 1015 1657 1040 cum
1687 1005 1916 1051 hujusmodi

206 1059 316 1092 actus
345 1058 394 1092 ad
424 1057 687 1093 humilitatem
718 1060 1000 1104 acquirendam
1031 1070 1133 1105 saepe
1165 1061 1354 1106 perutiles
1387 1066 1492 1099 sunt.
1522 1084 1568 1089 —
1600 1064 1765 1101 Demum
1796 1076 1917 1112 supra

203 1117 378 1161 regulam
394 1127 472 1151 non
487 1120 589 1152 esset
610 1121 848 1163 przeceptum
864 1129 940 1164 quo
956 1119 1233 1165 injungeretur
1253 1121 1437 1167 religioso
1457 1122 1651 1160 fratribus
1672 1124 1737 1160 lue
1759 1125 1916 1161 infectis

201 1186 442 1215 succurrere,
479 1177 597 1212 etiam
633 1188 721 1212 cum
756 1178 928 1222 periculo
962 1178 1066 1221 vitae,
1107 1182 1175 1214 aut
1207 1180 1552 1218 mortificationem
1587 1193 1748 1229 gravem
1782 1185 1916 1221 subire

200 1236 248 1270 ob
268 1245 427 1280 gravem
453 1236 622 1280 culpam.
647 1237 721 1271 Nec
747 1237 787 1271 in
819 1237 1010 1273 Societate
1040 1239 1137 1274 JESU
1169 1243 1307 1275 contra
1336 1242 1515 1287 regulam
1545 1246 1648 1279 esset
1675 1247 1916 1290 p1·aeceptum

200 1294 442 1339 praedicandi
464 1295 579 1330 fidem
601 1296 707 1341 apud
733 1297 865 1340 Indos,
887 1297 1005 1332 etiam
1040 1297 1296 1334 Scholasticis
1328 1303 1396 1335 aut
1425 1300 1730 1347 Coadjutoribus
1750 1303 1911 1350 imposi-

202 1357 298 1389 tum.
325 1354 382 1388 Ast
406 1355 445 1389 id
476 1365 565 1389 vero
597 1356 868 1400 przestandum
899 1357 1050 1402 absque
1084 1357 1240 1401 viatico,
1267 1359 1353 1395 sine
1382 1361 1648 1405 excusatione,
1673 1362 1792 1398 etiam
1822 1374 1911 1399 cum

201 1413 337 1448 mortis
370 1414 542 1459 periculo
570 1415 753 1458 Protessi,
778 1416 924 1451 certius
955 1426 1076 1461 quam
1106 1418 1251 1461 caeteri,
1286 1422 1427 1464 quarto
1459 1431 1530 1456 suo
1560 1424 1649 1457 voto
1679 1423 1911 1459 obedientiae

198 1472 304 1517 adigi
335 1477 507 1518 possent,
533 1474 673 1509 saltem
696 1475 763 1510 ubi
792 1478 1007 1520 suppetunt
1039 1477 1209 1512 Protessi
1236 1478 1286 1513 ad
1314 1479 1354 1514 id
1383 1481 1586 1517 commode
1617 1483 1907 1528 exequendum.

198 1531 370 1577 (Suarcz,
403 1533 428 1568 l.
454 1534 517 1576 VI,
542 1544 574 1569 c.
608 1545 660 1576 1v,
699 1545 737 1569 n.
777 1534 825 1570 26
859 1537 896 1570 et
930 1533 1032 1584 seq.)
1072 1536 1194 1572 Actus
1231 1537 1409 1574 internos
1447 1540 1609 1587 praecipi
1649 1551 1763 1587 posse
1800 1543 1910 1579 docet

201 1590 238 1626 S.
260 1591 439 1638 Ligorius
462 1593 502 1638 (l.
528 1593 590 1636 IV,
617 1593 734 1642 452);
759 1594 827 1630 alii
849 1605 939 1630 vero
959 1599 1118 1641 negant.

260 1734 342 1777 ΙΙΙ.
375 1761 432 1766 —-
459 1736 692 1781 Quomodo
725 1736 926 1783 violetur
959 1738 1046 1783 hoc
1073 1744 1250 1785 votum.
1284 1767 1341 1772 —
1370 1741 1636 1787 Violaretur
1662 1746 1862 1803 graviter
1896 1762 1904 1790 ;

258 1811 304 1854 κ)
332 1811 438 1856 Non
469 1813 710 1870 implendo
747 1820 1037 1873 praeceptum
1074 1818 1123 1860 in
1161 1819 1356 1863 materia
1389 1821 1538 1879 gravi,
1575 1828 1620 1867 et
1656 1823 1704 1866 in
1735 1823 1906 1868 virtute

201 1888 480 1933 obedientiae
502 1891 590 1933 sub
614 1893 1043 1950 gravi·iinpositun1
1062 1895 1090 1939 ¹.

257 1967 304 2010 ⁸20
336 1967 541 2011 Dicendo
583 1983 632 2012 se
674 1969 798 2013 nolle
838 1984 1019 2029 parere,
1065 1973 1204 2018 etiam
1244 1973 1486 2033 Superiori
1526 1977 1607 2035 qui
1645 1978 1695 2021 in
1734 1978 1905 2024 virtute

200 2044 478 2089 ‹mestientize
515 2060 608 2089 non
645 2047 871 2105 praecipit,
910 2054 1063 2107 potest
1096 2052 1296 2109 graviter
1330 2054 1537 2111 peccari,
1575 2055 1754 2099 ratione
1786 2070 1827 2101 v.
1857 2071 1901 2116 g.

198 2127 494 2180 contemptus
530 2123 786 2169 formalis&
824 2126 880 2170 Et
906 2127 983 2170 hic
1017 2134 1086 2172 est
1119 2142 1252 2173 casus
1286 2137 1550 2176 reservatus
1580 2133 1628 2176 in
1658 2132 1900 2180 Societate.

198 2198 265 2254 (C.
294 2200 367 2250 G„
398 2200 450 2257 V,
472 2200 553 2256 513
585 2228 641 2232 —
661 2202 763 2258 VII,
788 2203 860 2247 45.
885 2230 943 2235 —
969 2204 1068 2262 Or.,
1099 2218 1150 2263 Π,
1180 2206 1302 2261 18.)3

249 2321 260 2347 ¹
284 2325 464 2359 Formula
494 2326 533 2361 in
561 2337 637 2371 qua
666 2337 877 2364 oneramus
906 2330 1202 2374 conscientiam,
1226 2332 1505 2378 obligationem
1535 2335 1582 2370 ad
1605 2339 1807 2381 peceatum
1835 2349 1903 2384 per

196 2393 236 2418 se
251 2394 326 2418 non
344 2384 529 2429 importat
545 2383 597 2435 (1).
615 2387 680 2433 ††,
708 2387 836 2433 1628).
855 2389 1120 2426 Nihilominus
1132 2395 1260 2436 potest
1277 2392 1477 2438 Superior,
1495 2394 1537 2430 in
1551 2395 1828 2441 praecipiendo,
1844 2398 1902 2434 uti

195 2443 334 2487 quavis
357 2444 525 2480 formula
544 2456 630 2491 quae
651 2447 754 2481 clare
768 2450 805 2482 et
825 2448 1065 2485 sufficienter
1088 2450 1280 2496 significet
1301 2462 1414 2488 suam
1436 2453 1679 2490 voluntatem
1698 2455 1901 2503 obligandi

194 2503 267 2537 sub
289 2507 457 2548 peccato.
484 2505 526 2539 In
557 2506 690 2547 dubio,
712 2509 862 2543 attenta
890 2508 1021 2544 indole
1051 2509 1244 2553 Instituti‚
1270 2513 1591 2557 praesumendum
1619 2517 1678 2550 est
1703 2525 1782 2551 non
1813 2518 1899 2555 dari

193 2562 470 2607 obligationem
505 2565 578 2600 sub
610 2569 780 2610 peccato.
813 2586 866 2593 ——
895 2568 1081 2611 Quamvis
1118 2570 1243 2615 possit
1274 2570 1459 2616 Superior
1497 2573 1702 2609 materiam
1737 2586 1897 2621 gravem

194 2621 401 2666 przecipere
422 2624 495 2658 sub
516 2624 606 2667 levi,
631 2628 763 2660 tamen
785 2627 851 2661 ubi
879 2627 1110 2672 simpliciter
1140 2629 1316 2675 praecipit
1347 2631 1389 2666 in
1419 2631 1565 2668 virtute
1587 2632 1626 2668 S.
1659 2634 1898 2672 Obedientiae

190 2680 339 2725 aliquid
361 2692 492 2727 grave,
511 2694 557 2718 ex
579 2687 721 2720 natura
742 2686 797 2720 rei
820 2686 976 2722 videtur
996 2688 1208 2734 praecipere
1229 2690 1303 2725 sub
1323 2691 1448 2736 gravi.
1474 2691 1570 2727 Nota
1591 2691 1754 2738 insuper
1776 2698 1896 2731 mate-

193 2739 290 2774 riam
307 2741 352 2775 ‹le
367 2752 406 2774 se
424 2742 546 2777 levem
566 2753 679 2788 posse
694 2755 739 2779 ex
756 2745 1065 2782 circumstantiis
1087 2749 1252 2784 evadere
1271 2759 1446 2795 gravem.
1468 2748 1542 2799 (Cf.
1564 2752 1734 2794 Villada,
1754 2764 1790 2790 n.
1812 2752 1897 2804 96.)

244 2813 259 2839 Ξ
289 2816 444 2853 Certum
475 2823 530 2855 cst
564 2821 600 2854 in
634 2820 823 2857 Societate
857 2827 1058 2868 peccatum
1089 2825 1249 2870 aliquod
1280 2826 1557 2863 inobedientiae
1587 2839 1783 2874 expressae
1811 2841 1898 2867 esse

191 2880 612 2914 reservatum.etiamsi
633 2882 817 2926 Superior
832 2893 910 2918 non
926 2885 1127 2929 przecipiat
1141 2885 1180 2920 in
1198 2885 1343 2921 virtute
1356 2886 1393 2922 S.
1408 2887 1659 2924 Obedientiae.
1675 2886 1749 2931 (Cf.
1762 2893 1895 2927 notam

188 2940 447 2985 sequentem.)
471 2939 639 2974 Aliunde
660 2944 810 2976 certum
831 2945 889 2977 cst
912 2953 989 2978 non
1019 2944 1213 2980 reservari
1233 2945 1310 2981 nisi
1341 2950 1499 2991 peccata
1530 2948 1727 2985 mortalia.
1754 2950 1891 2995 Igitur,

185 2995 300 3029 ctiam
336 2998 488 3031 sertum
524 3003 713 3044 prwcepto
747 3001 1000 3041 otwiticntizr.
1036 3007 1161 3048 potest
1195 3005 1409 3050 aliquando
1445 3006 1621 3042 ‹leveniri
1655 3008 1703 3042 ast
1737 3009 1893 3055 culpam
