2145 3366
131 1013 182 1039 432

122 3028 170 3056 ’.δεῖ

242 269 320 306 384
935 277 1047 305 mus
1080 276 1258 305 OCTAVA

242 469 325 512 pro
353 454 644 498 auditoribus
667 453 911 511 theologiae
939 453 1083 496 semel
1112 454 1157 495 in
1182 453 1492 509 hebdomada,
1517 454 1564 496 iu
1592 454 1819 498 Domihus
1840 469 1945 512 pro-

242 532 376 575 fessis
407 532 505 586 hisf,
542 531 589 573 iu
626 530 818 587 reliquis
852 530 1066 588 Collegiis
1103 530 1247 573 semel
1275 536 1353 574 aut
1384 531 1481 583 his3
1518 545 1543 574 a
1571 545 1661 589 qua
1695 545 1833 575 nemo
1867 533 1944 589 qui

242 608 519 667 theologiam
555 613 633 652 aut
660 608 1006 665 philosophiam
1034 612 1137 650 actu
1168 621 1259 650 uon
1287 608 1464 663 doceat,
1497 622 1555 651 ne
1585 608 1806 666 Superior
1843 610 1944 666 qui-

240 686 345 729 dem
373 686 462 729 nisi
487 685 611 742 gravi
635 685 691 727 (le
713 699 867 741 causa,
893 690 962 729 est
984 684 1275 727 eximendus.
1301 684 1430 736 (Ost,
1456 685 1537 741 III,
1565 699 1595 740 Ι,
1617 685 1690 729 lo,
1715 712 1772 716 ——
1793 686 1842 729 C.
1867 686 1940 743 G„

240 763 319 819 IX,
342 764 394 818 83
419 789 476 793 —
502 762 630 818 XIII,
654 762 772 816 17.)1

1193 809 1215 828 ,κ

291 876 304 903 1
328 879 380 914 De
401 878 608 914 collatione
629 888 807 921 casuum,
832 878 882 914 ci.
907 849 1249 923 supragnssssoubi
1272 878 1319 914 de
1340 881 1586 914 sacramento
1607 878 1860 914 Paenitentiae.

297 1001 349 1044 V.
375 1027 432 1031 -
459 1002 711 1045 Menstruae
747 999 1107 1058 disputationes.
1142 1025 1195 1031 —
1225 999 1429 1057 Singulis
1458 1004 1536 1043 aut
1562 1000 1725 1043 saltem
1755 1000 1943 1044 alternis

238 1078 481 1122 mensibus
509 1078 621 1121 fiant
647 1078 984 1135 disputationes
1011 1090 1168 1121 coram
1190 1076 1296 1121 NN.
1321 1083 1365 1121 et
1387 1077 1527 1121 etiam
1549 1078 1754 1121 externis
1777 1077 1943 1122 Docto-

238 1155 385 1200 rihus.
421 1155 595 1199 Theses
628 1155 884 1213 seligantur
911 1169 966 1198 ex
992 1155 1132 1199 variis
1165 1154 1455 1211 tractatibus,
1490 1155 1552 1198 ita
1584 1160 1636 1198 ut
1662 1155 1709 1198 in
1736 1154 1941 1212 philoso-

236 1233 343 1290 phia
376 1232 550 1290 aliquid
587 1233 643 1277 de
684 1233 836 1277 ethica
871 1232 1139 1282 misceatur,
1175 1232 1225 1275 iu
1262 1231 1495 1290 theologia
1530 1246 1637 1275 vero
1674 1232 1851 1289 aliquid
1887 1247 1942 1276 ex

237 1310 477 1368 Scriptura
505 1324 650 1366 sacra,
677 1311 782 1368 jure
813 1311 1036 1354 canonico
1065 1315 1110 1353 et
1137 1309 1451 1353 ecclesiastica
1479 1309 1690 1354 historia.
1728 1309 1822 1354 Has
1850 1310 1942 1353 dis-

235 1387 497 1445 putationes
534 1387 708 1446 singuli
745 1387 1042 1432 Professores
1082 1386 1387 1431 moderentur
1423 1391 1470 1430 et
1503 1386 1649 1443 alant,
1689 1387 1941 1432 Praefectus

234 1479 341 1509 vero
370 1465 555 1522 dirigat.
582 1465 654 1518 (R.
680 1465 817 1510 Przef.
845 1465 977 1510 Stud.
1002 1470 1048 1509 et
1069 1464 1193 1509 Prof.
1219 1464 1349 1522 Sup.)

292 1597 369 1642 VI.
393 1624 451 1629 ——
477 1598 621 1642 Actus
644 1596 971 1655 particulares.
997 1622 1051 1629 —
1079 1596 1223 1640 Actus
1240 1596 1554 1654 philosophici
1574 1596 1631 1640 ab
1660 1596 1716 1640 iis
1737 1595 1941 1641 habean-

235 1680 310 1720 tur
337 1675 417 1733 qui
445 1689 470 1719 a
497 1674 646 1719 tribus
674 1688 730 1718 ex
751 1675 959 1733 quinque
986 1673 1384 1718 examinatoribus
1407 1674 1546 1726 (inter
1568 1687 1686 1732 quos
1710 1674 1798 1718 erit
1819 1674 1940 1718 Prae-

231 1753 382 1797 fectus
410 1758 455 1797 et
487 1752 732 1796 Professor
762 1753 998 1810 proprius)
1027 1751 1174 1796 multo
1202 1751 1306 1809 plus
1335 1765 1473 1809 quam
1502 1751 1801 1795 mediocriter
1829 1765 1938 1809 pro-

230 1831 377 1889 gressi
410 1830 567 1874 idonei
596 1830 789 1888 judicati
827 1829 1043 1873 fueriut¹.
1076 1829 1279 1887 Tempus
1315 1830 1402 1873 erit
1438 1828 1563 1873 idem
1604 1828 1729 1887 quod
1768 1829 1938 1873 scholis

230 1908 534 1966 impenditur,
566 1921 702 1951 mane
730 1907 801 1950 vel
832 1921 857 1950 a
884 1907 1121 1964 praudioss.
1153 1906 1285 1962 (Cst.,
1310 1907 1385 1963 IV,
1411 1919 1473 1957 vi,
1497 1906 1576 1961 ‘173
1602 1933 1659 1938 —
1683 1906 1759 1963 IV,
1784 1920 1857 1962 xv,
1882 1907 1933 1950 B.

228 2013 285 2018 -
307 1986 371 2030 St.
396 1986 452 2030 R.
478 1985 635 2041 Praef.,
659 1984 733 2041 119,
757 1984 830 2041 20,
855 1984 928 2039 24,
952 1984 1045 2038 25.)

286 2064 431 2108 Actus
463 2063 705 2121 theologie-'z'
731 2063 1046 2119 particulares
1078 2061 1313 2106 habentur
1340 2066 1503 2120 quarto
1530 2061 1600 2106 vel
1629 2062 1764 2106 tertio
1793 2076 1931 2117 anno,

228 2141 435 2186 externis
465 2139 743 2185 Doctoribus
777 2139 999 2196 invitatis,
1037 2138 1201 2183 saltem
1223 2153 1308 2197 per
1336 2139 1476 2183 horas
1508 2140 1535 2182 2
1562 2139 1636 2195 72:
1674 2145 1768 2183 tres
1797 2153 1934 2197 argu-

228 2224 497 2264 mentantur
526 2232 725 2276 quorum
757 2231 878 2261 uuus
906 2217 1091 2261 Doctor.
1123 2216 1274 2262 Nemo
1308 2217 1365 2261 ad
1387 2217 1473 2260 hos
1499 2216 1741 2260 habendos
1769 2217 1934 2260 admit-

227 2297 340 2342 titur
366 2297 456 2341 nisi
483 2296 530 2339 iu
553 2296 765 2340 examine
787 2295 958 2353 praevio
982 2295 1070 2338 tria
1093 2294 1312 2353 suffragia
1333 2294 1457 2338 clara
1479 2294 1648 2339 haheat
1671 2299 1716 2338 et
1737 2294 1930 2338 minime

226 2375 391 2431 dubia,
437 2373 494 2417 ‹le
536 2373 788 2431 capacitate
831 2372 888 2416 ad
928 2372 1200 2415 habendum
1243 2377 1397 2416 actum
1439 2386 1546 2415 cum
1587 2371 1922 2416 satisfactione.

225 2453 290 2505 (C.
317 2453 390 2509 G„
414 2452 495 2508 XI,
519 2451 592 2507 24,
615 2451 680 2504 5.)
712 2450 944 2508 Magis-tris
973 2455 1018 2493 et
1045 2449 1269 2493 Pra.¹fecto
1300 2450 1489 2508 adjungi
1523 2455 1675 2507 potest
1704 2449 1823 2493 alius
1853 2450 1927 2507 qui

225 2530 281 2574 ‹le
308 2530 398 2574 hoc
421 2529 615 2587 judicet.
642 2528 772 2583 (Ins,
800 2527 896 2583 XX,
919 2527 984 2581 2.)

279 2644 289 2671 ¹
314 2646 461 2682 Debent
488 2645 526 2680 hi
555 2644 678 2680 multo
705 2644 795 2689 plus
822 2653 941 2689 quam
975 2643 1222 2679 mediocriter
1249 2643 1461 2689 profecisse
1488 2645 1525 2679 et
1549 2642 1708 2678 omnino
1735 2642 1865 2678 selecti
1893 2645 1929 2678 et

225 2705 520 2742 excellentiores
547 2714 645 2747 esse,
676 2714 747 2739 nec
774 2703 907 2748 plures
935 2712 1053 2748 quani
1081 2702 1255 2748 quinque
1283 2700 1339 2751 (a.
1367 2701 1482 2745 1639,
1512 2701 1627 2745 1640,
1652 2701 1766 2744 1646,
1796 2699 1925 2750 1661).

226 2765 306 2800 Non
328 2765 469 2800 debent
487 2764 536 2799 ad
556 2764 626 2799 hos
647 2764 758 2799 actus
776 2762 937 2798 invitari
959 2762 1111 2797 externi
1132 2762 1320 2807 religiosi,
1345 2761 1533 2805 ministri,
1556 2764 1630 2797 etc.
1655 2757 1711 2810 (a.
1737 2758 1870 2810 1597).

277 2831 293 2857 “2
314 2833 476 2869 Actibus
507 2835 591 2868 tuln
622 2830 904 2877 philosophicis
932 2833 1014 2866 tum
1046 2830 1273 2877 theologicis
1306 2831 1503 2866 intersunt
1534 2832 1614 2866 toto
1646 2832 1817 2875 tempore
1846 2833 1924 2865 tam

226 2893 468 2928 Professores
489 2901 606 2936 quam
629 2890 814 2936 Superior
836 2887 892 2938 (ιι.
916 2889 1048 2937 1648).

288 3014 382 3058 Vll.
421 3038 477 3046 —*
513 3015 655 3058 Actus
686 3013 927 3070 generales
959 3016 1101 3056 totam
1131 3011 1410 3067 theologiam
1441 3010 1849 3068 comprehendunt
1879 3015 1923 3055 et

2106 1256 2145 1290 ‘311'

2082 1323 2145 1354 lurco}

2104 1395 2125 1421 ιη’
2143 1429 2145 1432 ⁴

2079 1459 2130 1504 pauci

2079 1520 2145 1554 §inlini

2077 1580 2124 1625 (illlis
2139 1592 2141 1613 ἱ

2076 1639 2145 1674 §uitali

2075 1700 2126 1743 sequi
2138 1710 2145 1734 s

2099 1759 2145 1795 Cons

2073 1818 2145 1855 Pi’oless

2071 1881 2122 1923 parii
2137 1891 2145 1915 a

2014 1979 2017 1983 ,
2071 1940 2145 1976 raudai

2070 2011 2077 2029 l
2089 1999 2127 2036 Nox]
2143 2043 2145 2048 Ι

2068 2059 2127 2103 primi.
2142 2078 2145 2097 e

2091 2120 2129 2157 Nol]
2140 2139 2142 2155 ι

2065 2179 2114 2217 vialis
2126 2180 2138 2232 ss«

2087 2255 2093 2282 ³
2105 2260 2124 2297 ln

2062 2317 2135 2357 (illicem

2087 2460 2137 2508 llll

2059 2535 2126 2586 linui}

2058 2619 2096 2664 liis,
2111 2620 2131 2663 N

2062 2693 2127 2743 ΜΘΗ

2054 2781 2099 2818 limi
2114 2785 2123 2819 t
