2145 3366
61 1505 114 1532 188

168 252 246 291 «172
879 262 989 290 l‘Al-ts
1022 261 1184 290 'ricn‘rm

168 445 215 480 ad
238 443 551 479 concionandum
572 445 641 478 aut
660 442 964 488 gubernandum
987 441 1042 487 ((ι.
1070 440 1199 487 1643).
1221 441 1296 476 Nec
1316 451 1359 475 eo
1380 441 1483 486 quod
1504 441 1593 486 quis
1614 441 1663 475 ad
1684 450 1879 487 gramma-

169 505 285 539 ticam
314 506 500 549 perpetuo
528 502 742 538 docendam
776 512 816 537 se
844 501 1031 537 obtulerit
1060 500 1115 540 (ἀ.
1144 500 1259 543 1639,
1287 499 1420 547 1650).
1452 500 1686 536 Conceditur
1712 511 1803 536 vero
1829 501 1877 535 ob

167 563 429 605 nobilitatem,
450 563 499 598 ob
521 561 709 598 beneficia
728 561 911 596 Societati
934 560 1125 606 praestita.
1148 559 1219 601 Ita,
1242 570 1279 594 v.
1299 569 1337 605 g.
1359 559 1414 606 (a.
1438 559 1552 603 1598,
1577 559 1709 606 1640).
1735 572 1750 593 «
1770 559 1878 611 'Dena

168 623 228 658 vel
256 622 436 658 duodena
458 621 689 656 florinorum
721 620 846 655 millia
875 620 1057 655 Societati
1087 620 1232 654 donata
1260 619 1461 655 sufficiunt
1483 622 1525 654 ut
1554 620 1675 654 trium
1698 622 1879 655 votorum

168 681 376 724 Professio,
409 681 525 716 titulo
562 679 837 722 benefactoris,
870 679 1038 714 conferri
1071 678 1210 724 possit,
1243 677 1410 725 reliquis
1438 677 1643 725 requisitis
1669 678 1824 726 positis.
1860 690 1877 711 »

168 742 223 781 (ἀ.
251 740 384 781 1641).
415 740 650 775 Conceditur
671 739 788 774 etiam
810 739 903 784 quia
925 738 1071 783 aliquis
1095 737 1310 783 impeditus
1332 738 1450 773 fuerit
1470 738 1509 772 in
1533 738 1698 781 studiis:
1722 738 1771 773 oh
1792 738 1881 773 cha-

168 801 324 837 ritatem
354 800 549 845 insignem
577 809 668 845 erga
700 797 958 833 moribundos
988 797 1043 839 (a.
1074 796 1214 843 16372);
1248 798 1296 832 ol)
1324 797 1505 842 peritiam
1537 800 1573 832 et
1604 797 1879 832 strenuitatem

168 860 363 905 insignem
392 859 432 894 in
461 859 628 904 negotiis
658 857 876 893 tractandis
904 856 960 903 (a.
989 856 1122 904 1625).
1151 856 1399 892 Confessario
1427 857 1584 902 Reginze
1605 857 1788 900 Polonire,
1812 857 1879 902 qui

168 923 249 955 erat
271 920 475 954 Professus
496 918 618 953 trium
634 920 830 959 votorum,
849 926 1079 951 concessum
1103 919 1162 951 est
1178 919 1221 951 ut
1240 918 1389 951 secreto
1403 916 1690 952 Professionem
1711 919 1881 961 quatuor

169 982 349 1015 votorum
380 979 595 1019 emitteret,
629 980 666 1012 et
696 977 901 1012 obtentum
931 978 990 1011 est
1021 976 1142 1010 Breve
1173 978 1216 1010 ut
1246 975 1430 1010 omnihus
1461 976 1681 1021 privilegiis
1711 979 1881 1020 quatuor

168 1042 349 1074 votorum
372 1038 583 1079 frueretur,
608 1037 722 1082 quasi
744 1045 788 1071 ea
810 1036 851 1070 in
873 1035 1006 1081 prima·
1022 1035 1271 1070 Protessione
1295 1035 1491 1071 emisisset
1513 1040 1568 1081 (a.
1593 1035 1725 1075 1662).

220 1124 237 1151 4
256 1127 295 1162 P.
322 1126 470 1162 Mutius
497 1126 638 1161 saltem
666 1125 709 1160 1⁴2
737 1134 863 1160 annos
890 1124 931 1160 in
961 1124 1152 1160 Societate
1179 1127 1400 1160 transactos
1428 1125 1635 1170 requisivit
1663 1124 1718 1170 (a.
1746 1124 1877 1170 1640).

168 1188 376 1232 Nunquam
399 1185 590 1231 requisita
612 1188 671 1220 est
693 1188 789 1220 aetas
812 1184 861 1219 33
883 1194 1079 1219 annorum
1101 1184 1151 1230 (α.
1176 1182 1307 1232 1638).

221 1275 236 1299 ⁵
265 1277 359 1311 Item
388 1275 455 1321 qui
485 1275 531 1310 de
559 1285 755 1310 consensu
787 1274 924 1309 uxoris
951 1273 1225 1320 ingrederetur
1253 1273 1483 1309 Societatem
1510 1277 1547 1309 et
1574 1274 1685 1319 juxta
1713 1283 1881 1308 canones

168 1336 453 1372 Professionem
476 1334 654 1370 emittere
678 1335 838 1370 deberet
863 1332 927 1380 (ex
949 1333 1063 1379 praxi
1083 1334 1197 1379 juxta
1218 1333 1451 1380 Mangioni).

228 1493 284 1537 ΙΙ.
310 1520 366 1524 -
389 1494 559 1538 Eorum
587 1492 692 1551 jura
716 1497 826 1537 sunt
851 1496 905 1536 ut
931 1492 979 1535 in
1003 1492 1373 1550 Congregatione
1400 1490 1605 1549 generali
1633 1497 1678 1536 et
1697 1491 1883 1549 provin-

169 1571 271 1615 ciali
303 1571 485 1614 admitti
516 1571 718 1628 possint,
759 1571 808 1613 in
838 1570 1010 1613 iisdem
1042 1569 1229 1614 casibus
1259 1583 1312 1613 ac
1341 1569 1646 1627 Coadjutores
1676 1569 1879 1619 formati,

169 1649 249 1693 sed
279 1663 385 1692 cum
413 1648 728 1706 praecedentia
755 1648 803 1691 in
837 1647 1003 1691 eadem
1030 1647 1420 1706 Congregatione3
1449 1647 1534 1691 etsi
1556 1660 1643 1690 nec
1662 1647 1710 1690 in
1731 1647 1881 1691 Gene-

170 1727 313 1770 ralem
347 1740 434 1769 nec
467 1727 515 1769 in
552 1726 838 1770 Assistentes
876 1739 963 1769 nec
998 1725 1047 1768 in
1085 1725 1331 1783 deputatos
1367 1724 1425 1769 ad
1462 1724 1881 1783 Congregationem

168 1804 457 1863 generalem,
500 1817 587 1847 nec
632 1804 679 1846 in
717 1803 1002 1847 Secretarios
1041 1802 1306 1859 Societatis,
1347 1816 1433 1846 nec
1469 1803 1517 1845 in
1550 1801 1878 1857 ProrinOEales,

169 1896 255 1926 nec
284 1883 331 1925 in
359 1882 640 1938 Praepositos
672 1881 934 1924 Domorum
964 1880 1287 1938 professarum
1318 1880 1423 1938 eligi
1456 1881 1650 1937 possint.
1680 1880 1884 1924 Possunt

170 1965 327 2004 tamen
354 1973 556 2016 praeesse
581 1959 810 2003 Domibus
831 1958 1078 2016 professis,
1105 1959 1141 2002 si
1171 1959 1262 2002 sint
1296 1958 1516 2014 ministri,
1548 1963 1733 2002 mortuo
1762 1958 1883 2001 Prte-

169 2038 319 2095 posito
363 2039 557 2095 ejusque
605 2050 878 2080 successore
916 2050 1008 2079 non
1049 2036 1307 2093 designato.
1347 2035 1508 2088 Quoad
1548 2041 1737 2092 caetera,
1773 2049 1882 2078 voce

170 2115 316 2158 activa
348 2120 392 2158 et
419 2114 601 2172 passiva
630 2114 868 2157 fruuntur.
908 2114 1043 2169 (Cst.,
1077 2114 1198 2169 VIII,
1229 2113 1272 2168 3,
1306 2113 1363 2157 A.
1387 2140 1443 2143 —
1476 2114 1525 2156 tl.
1557 2114 1630 2169 G„
1662 2113 1697 2163 Ι,
1720 2113 1802 2168 4:23
1827 2140 1883 2143 —

171 2192 251 2241 HL
275 2191 354 2247 213
376 2218 432 2222 —
450 2191 572 2248 VIII,
598 2191 695 2247 ΞΟ.)
725 2191 898 2234 Sedent
920 2191 969 2233 in
993 2190 1360 2248 Congregatione
1381 2195 1488 2248 post
1508 2190 1750 2234 Professos
1774 2204 1883 2248 qua-

172 2276 277 2314 tuor
305 2275 535 2314 votorum.
567 2270 637 2326 (F.
664 2269 713 2313 C.
740 2269 814 2325 G„
838 2268 912 2326 60,
943 2269 1080 2313 Prov.
1104 2268 1229 2327 15.)1

224 2402 235 2428 1
256 2404 375 2439 Juxta
397 2403 640 2446 Suarezium,
661 2403 829 2438 Professi
853 2403 973 2438 trium
994 2406 1175 2438 votorum
1194 2403 1364 2438 habendi
1385 2405 1479 2438 sunt
1502 2405 1543 2437 ut
1565 2403 1733 2438 Professi
1755 2402 1883 2448 quoad

170 2464 330 2498 elles-tus
350 2462 587 2497 Professioni
608 2462 774 2497 solemni
797 2462 971 2498 adnexos
990 2473 1037 2497 ex
1058 2463 1145 2508 J'ure
1165 2463 1379 2505 communi,
1404 2465 1440 2498 et
1461 2463 1590 2508 quoad
1612 2462 1820 2507 specialem
1844 2462 1882 2496 in

171 2523 360 2557 societate
387 2522 666 2568 obligationem
689 2522 864 2567 quinque
886 2524 975 2557 vota
998 2522 1193 2568 simplicia
1215 2522 1441 2565 emittendi3
1471 2522 1550 2557 fere
1579 2531 1670 2557 vero
1698 2524 1740 2556 ut
1762 2521 1883 2556 (1οᾶιί-

170 2583 318 2627 jutores
340 2582 567 2627 spirituales
589 2582 718 2626 quoad
739 2581 899 2616 effectus
921 2581 1159 2617 Professioni
1180 2582 1355 2617 adnexos
1379 2591 1425 2616 ex
1446 2582 1533 2627 iure
1555 2581 1729 2616 Instituti
1758 2580 1882 2615 nostri

173 2641 417 2686 particulari,
449 2641 585 2686 quales
618 2644 710 2676 sunt
740 2643 852 2675 actus
883 2641 1127 2686 pertinentes
1148 2642 1197 2676 ad
1228 2641 1467 2686 principales
1499 2640 1704 2686 regiminis
1734 2643 1880 2685 partes.

174 2701 433 2744 Quamobrem
455 2701 544 2735 licet
563 2700 690 2746 specie
712 2703 827 2735 tenus
847 2700 1032 2735 videntur
1051 2701 1354 2745 (joadJ'utoribus
1377 2701 1587 2735 similiores
1608 2700 1738 2745 quoad
1757 2700 1885 2744 requi-

173 2759 247 2793 sita
269 2762 305 2793 et
327 2759 454 2803 quoad
476 2759 563 2804 Jura
590 2769 659 2804 per
683 2762 794 2794 actus
818 2759 1104 2804 frequentiores
1126 2760 1355 2797 exercenda.
1381 2763 1417 2794 et
1447 2760 1532 2795 ideo
1554 2760 1655 2794 hanc
1675 2759 1885 2794 Professio-

175 2828 259 2852 nem
296 2821 397 2852 recte
427 2819 553 2862 potuit
586 2818 795 2853 Suarezius
826 2818 955 2854 dicere
988 2819 1324 2864 dispensationem
1357 2819 1396 2854 in
1428 2819 1553 2862 ⁸:zradu
1586 2818 1881 2863 Coadjutorum‚

173 2877 337 2921 juridice
360 2880 489 2912 tamen
507 2880 544 2912 et
563 2877 721 2912 realiter
743 2881 835 2913 sunt
855 2878 1088 2923 simpliciter
1104 2878 1289 2913 Professi.
1313 2878 1434 2923 Cujus
1456 2878 1511 2913 rei
1532 2878 1711 2913 ellectum
1732 2877 1883 2913 clarum

175 2936 294 2970 habes
316 2936 355 2970 in
377 2937 552 2981 ipsorum
575 2937 819 2980 dimissione,
844 2937 884 2972 in
906 2948 983 2982 qua
1002 2937 1108 2973 haud
1131 2947 1243 2973 secus
1261 2947 1305 2972 ac
1326 2938 1494 2972 Professi
1517 2940 1686 2982 quatuor
1704 2939 1882 2971 votorum

176 2995 283 3038 ligati
307 2995 405 3029 votis
428 2995 510 3030 suis
540 2999 714 3038 manent,
739 2997 833 3032 dum
854 2996 1108 3042 Coadjutores
1130 2996 1288 3036 formati
1306 2998 1449 3032 abeunt
1474 3007 1495 3032 a
1516 2996 1722 3042 promissis
1746 2995 1878 3031 soluti.

2095 488 2131 530 mos
2136 496 2144 515 [l

2096 555 2144 588 mliii

2098 622 2127 660 iux
2138 616 2145 641 {l

2107 743 2129 779 ἐξ
