<?xml version="1.0" encoding="UTF-8"?>
<!DOCTYPE html PUBLIC "-//W3C//DTD XHTML 1.0 Transitional//EN"
    "http://www.w3.org/TR/xhtml1/DTD/xhtml1-transitional.dtd">
<html xmlns="http://www.w3.org/1999/xhtml" xml:lang="en" lang="en">
 <head>
  <title>
</title>
<meta http-equiv="Content-Type" content="text/html;charset=utf-8" />
  <meta name='ocr-system' content='tesseract 3.04.00' />
  <meta name='ocr-capabilities' content='ocr_page ocr_carea ocr_par ocr_line ocrx_word'/>
</head>
<body>
  <div class='ocr_page' id='page_1' title='image "./compendiuminstit00rami_0393.png"; bbox 0 0 2145 3366; ppageno 0'>
   <div class='ocr_carea' id='block_1_1' title="bbox 0 0 10 1714">
    <p class='ocr_par' dir='ltr' id='par_1_1' title="bbox 0 0 10 1714">
     <span class='ocr_line' id='line_1_1' title="bbox 0 0 10 1714; baseline 0 0"><span class='ocrx_word' id='word_1_1' title='bbox 0 0 10 1714; x_wconf 95' lang='lat' dir='ltr'> </span> 
     </span>
    </p>
   </div>
   <div class='ocr_carea' id='block_1_2' title="bbox 0 0 160 3366">
    <p class='ocr_par' dir='ltr' id='par_1_2' title="bbox 0 0 160 3366">
     <span class='ocr_line' id='line_1_2' title="bbox 0 0 160 3366; baseline 0 0"><span class='ocrx_word' id='word_1_2' title='bbox 0 0 160 3366; x_wconf 95' lang='lat' dir='ltr'> </span> 
     </span>
    </p>
   </div>
   <div class='ocr_carea' id='block_1_3' title="bbox 544 243 1876 285">
    <p class='ocr_par' dir='ltr' id='par_1_3' title="bbox 544 243 1876 285">
     <span class='ocr_line' id='line_1_3' title="bbox 544 243 1876 285; baseline -0.002 -1"><span class='ocrx_word' id='word_1_3' title='bbox 544 256 754 285; x_wconf 76' lang='lat' dir='ltr'>EXAMINA</span> <span class='ocrx_word' id='word_1_4' title='bbox 785 254 1186 284; x_wconf 70' lang='lat' dir='ltr'>SCHOLASTICORL&#39;M</span> <span class='ocrx_word' id='word_1_5' title='bbox 1220 254 1494 283; x_wconf 71' lang='lat' dir='ltr'>Nos&#39;rROflUM</span> <span class='ocrx_word' id='word_1_6' title='bbox 1800 243 1876 283; x_wconf 73' lang='grc'>387</span> 
     </span>
    </p>
   </div>
   <div class='ocr_carea' id='block_1_4' title="bbox 329 344 1619 355">
    <p class='ocr_par' dir='ltr' id='par_1_4' title="bbox 329 344 1619 355">
     <span class='ocr_line' id='line_1_4' title="bbox 329 344 1619 355; baseline 0 0"><span class='ocrx_word' id='word_1_7' title='bbox 329 344 1619 355; x_wconf 95' lang='lat' dir='ltr'> </span> 
     </span>
    </p>
   </div>
   <div class='ocr_carea' id='block_1_5' title="bbox 167 433 1878 778">
    <p class='ocr_par' dir='ltr' id='par_1_5' title="bbox 167 433 1878 778">
     <span class='ocr_line' id='line_1_5' title="bbox 221 433 1877 481; baseline 0 -11"><span class='ocrx_word' id='word_1_8' title='bbox 221 433 236 460; x_wconf 84' lang='grc'>3</span> <span class='ocrx_word' id='word_1_9' title='bbox 257 435 328 479; x_wconf 91' lang='lat' dir='ltr'>Qui</span> <span class='ocrx_word' id='word_1_10' title='bbox 349 436 388 470; x_wconf 91' lang='lat' dir='ltr'>in</span> <span class='ocrx_word' id='word_1_11' title='bbox 410 435 589 471; x_wconf 75' lang='lat' dir='ltr'>examine</span> <span class='ocrx_word' id='word_1_12' title='bbox 609 445 740 471; x_wconf 84' lang='lat' dir='ltr'>annuo</span> <span class='ocrx_word' id='word_1_13' title='bbox 761 436 810 470; x_wconf 86' lang='lat' dir='ltr'>ad</span> <span class='ocrx_word' id='word_1_14' title='bbox 834 435 1166 481; x_wconf 79' lang='lat' dir='ltr'>progrediendum</span> <span class='ocrx_word' id='word_1_15' title='bbox 1187 437 1342 470; x_wconf 83' lang='lat' dir='ltr'>tantum</span> <span class='ocrx_word' id='word_1_16' title='bbox 1364 434 1481 470; x_wconf 83' lang='lat' dir='ltr'>hahet</span> <span class='ocrx_word' id='word_1_17' title='bbox 1500 444 1622 470; x_wconf 89' lang='lat' dir='ltr'>unum</span> <span class='ocrx_word' id='word_1_18' title='bbox 1644 434 1877 480; x_wconf 72' lang='lat' dir='ltr'>suffragium</span> 
     </span>
     <span class='ocr_line' id='line_1_6' title="bbox 167 494 1878 541; baseline -0.001 -11"><span class='ocrx_word' id='word_1_19' title='bbox 167 505 237 541; x_wconf 90' lang='lat' dir='ltr'>pro</span> <span class='ocrx_word' id='word_1_20' title='bbox 256 505 310 538; x_wconf 83' lang='lat' dir='ltr'>se,</span> <span class='ocrx_word' id='word_1_21' title='bbox 333 495 496 540; x_wconf 83' lang='lat' dir='ltr'>reliquis</span> <span class='ocrx_word' id='word_1_22' title='bbox 517 495 728 541; x_wconf 76' lang='lat' dir='ltr'>ambiguiS.</span> <span class='ocrx_word' id='word_1_23' title='bbox 747 498 805 530; x_wconf 85' lang='lat' dir='ltr'>est</span> <span class='ocrx_word' id='word_1_24' title='bbox 827 495 1112 537; x_wconf 85' lang='lat' dir='ltr'>admittendus,</span> <span class='ocrx_word' id='word_1_25' title='bbox 1135 494 1226 539; x_wconf 90' lang='lat' dir='ltr'>quia</span> <span class='ocrx_word' id='word_1_26' title='bbox 1248 494 1403 529; x_wconf 90' lang='lat' dir='ltr'>nullum</span> <span class='ocrx_word' id='word_1_27' title='bbox 1424 494 1542 530; x_wconf 88' lang='lat' dir='ltr'>habet</span> <span class='ocrx_word' id='word_1_28' title='bbox 1562 496 1697 529; x_wconf 83' lang='lat' dir='ltr'>contra</span> <span class='ocrx_word' id='word_1_29' title='bbox 1713 503 1767 536; x_wconf 90' lang='lat' dir='ltr'>se,</span> <span class='ocrx_word' id='word_1_30' title='bbox 1789 504 1878 529; x_wconf 89' lang='lat' dir='ltr'>cum</span> 
     </span>
     <span class='ocr_line' id='line_1_7' title="bbox 167 550 1877 602; baseline -0.001 -13"><span class='ocrx_word' id='word_1_31' title='bbox 167 554 378 589; x_wconf 88' lang='lat' dir='ltr'>dubiorum</span> <span class='ocrx_word' id='word_1_32' title='bbox 406 554 515 589; x_wconf 90' lang='lat' dir='ltr'>nulla</span> <span class='ocrx_word' id='word_1_33' title='bbox 544 554 736 589; x_wconf 84' lang='lat' dir='ltr'>habeatur</span> <span class='ocrx_word' id='word_1_34' title='bbox 765 554 865 589; x_wconf 87' lang='lat' dir='ltr'>ratio</span> <span class='ocrx_word' id='word_1_35' title='bbox 897 550 949 601; x_wconf 85' lang='grc' dir='ltr'>(α.</span> <span class='ocrx_word' id='word_1_36' title='bbox 982 550 1112 602; x_wconf 86' lang='grc'><strong>1637).</strong></span> <span class='ocrx_word' id='word_1_37' title='bbox 1149 553 1199 588; x_wconf 87' lang='lat' dir='ltr'>At</span> <span class='ocrx_word' id='word_1_38' title='bbox 1234 553 1333 588; x_wconf 75' lang='lat' dir='ltr'>torte</span> <span class='ocrx_word' id='word_1_39' title='bbox 1363 553 1582 588; x_wconf 91' lang='lat' dir='ltr'>notandum</span> <span class='ocrx_word' id='word_1_40' title='bbox 1608 555 1668 588; x_wconf 86' lang='lat' dir='ltr'>est</span> <span class='ocrx_word' id='word_1_41' title='bbox 1692 553 1791 589; x_wconf 88' lang='lat' dir='ltr'>illud</span> <span class='ocrx_word' id='word_1_42' title='bbox 1818 563 1877 589; x_wconf 92' lang='lat' dir='ltr'>re-</span> 
     </span>
     <span class='ocr_line' id='line_1_8' title="bbox 167 609 1875 661; baseline 0 -13"><span class='ocrx_word' id='word_1_43' title='bbox 167 623 372 659; x_wconf 83' lang='lat' dir='ltr'>sponsum,</span> <span class='ocrx_word' id='word_1_44' title='bbox 402 613 583 658; x_wconf 79' lang='lat' dir='ltr'>quamvis</span> <span class='ocrx_word' id='word_1_45' title='bbox 611 613 803 648; x_wconf 82' lang='lat' dir='ltr'>consultis</span> <span class='ocrx_word' id='word_1_46' title='bbox 835 612 916 648; x_wconf 83' lang='lat' dir='ltr'>AA.</span> <span class='ocrx_word' id='word_1_47' title='bbox 947 613 1100 655; x_wconf 89' lang='lat' dir='ltr'>datum,</span> <span class='ocrx_word' id='word_1_48' title='bbox 1132 612 1327 658; x_wconf 80' lang='lat' dir='ltr'>prodiisse</span> <span class='ocrx_word' id='word_1_49' title='bbox 1347 615 1438 647; x_wconf 86' lang='lat' dir='ltr'>ante</span> <span class='ocrx_word' id='word_1_50' title='bbox 1467 611 1507 648; x_wconf 92' lang='lat' dir='ltr'>C.</span> <span class='ocrx_word' id='word_1_51' title='bbox 1532 612 1595 654; x_wconf 88' lang='lat' dir='ltr'>G.‚</span> <span class='ocrx_word' id='word_1_52' title='bbox 1619 612 1705 648; x_wconf 91' lang='lat' dir='ltr'>VIII</span> <span class='ocrx_word' id='word_1_53' title='bbox 1730 609 1875 661; x_wconf 82' lang='lat'>(1645),</span> 
     </span>
     <span class='ocr_line' id='line_1_9' title="bbox 167 667 1876 721; baseline 0 -14"><span class='ocrx_word' id='word_1_54' title='bbox 167 673 280 718; x_wconf 89' lang='lat' dir='ltr'>cujus</span> <span class='ocrx_word' id='word_1_55' title='bbox 307 673 507 707; x_wconf 88' lang='lat' dir='ltr'>decretum</span> <span class='ocrx_word' id='word_1_56' title='bbox 536 671 583 707; x_wconf 88' lang='lat'>37</span> <span class='ocrx_word' id='word_1_57' title='bbox 617 672 797 718; x_wconf 83' lang='lat' dir='ltr'>requirit,</span> <span class='ocrx_word' id='word_1_58' title='bbox 824 672 874 707; x_wconf 90' lang='lat' dir='ltr'>ad</span> <span class='ocrx_word' id='word_1_59' title='bbox 908 672 980 707; x_wconf 90' lang='lat' dir='ltr'>hoc</span> <span class='ocrx_word' id='word_1_60' title='bbox 1010 674 1053 707; x_wconf 85' lang='lat' dir='ltr'>ut</span> <span class='ocrx_word' id='word_1_61' title='bbox 1084 672 1273 707; x_wconf 79' lang='lat' dir='ltr'>ascendat</span> <span class='ocrx_word' id='word_1_62' title='bbox 1304 671 1554 714; x_wconf 90' lang='lat' dir='ltr'>candidatus,</span> <span class='ocrx_word' id='word_1_63' title='bbox 1580 670 1663 707; x_wconf 75' lang='lat' dir='ltr'>tria</span> <span class='ocrx_word' id='word_1_64' title='bbox 1686 668 1766 720; x_wconf 88' lang='lat' dir='ltr'>(aut</span> <span class='ocrx_word' id='word_1_65' title='bbox 1787 667 1876 721; x_wconf 95' lang='lat' dir='ltr'>duo)</span> 
     </span>
     <span class='ocr_line' id='line_1_10' title="bbox 169 730 890 778; baseline -0.001 -11"><span class='ocrx_word' id='word_1_66' title='bbox 169 731 358 778; x_wconf 71' lang='lat' dir='ltr'>suffragia</span> <span class='ocrx_word' id='word_1_67' title='bbox 381 730 493 768; x_wconf 78' lang='lat' dir='ltr'>clara</span> <span class='ocrx_word' id='word_1_68' title='bbox 515 735 548 767; x_wconf 75' lang='lat' dir='ltr'>et</span> <span class='ocrx_word' id='word_1_69' title='bbox 572 731 733 768; x_wconf 70' lang='lat' dir='ltr'>minime</span> <span class='ocrx_word' id='word_1_70' title='bbox 754 731 890 767; x_wconf 74' lang='lat' dir='ltr'>dubia.</span> 
     </span>
    </p>
   </div>
   <div class='ocr_carea' id='block_1_6' title="bbox 165 805 1881 1141">
    <p class='ocr_par' dir='ltr' id='par_1_6' title="bbox 165 805 1881 1141">
     <span class='ocr_line' id='line_1_11' title="bbox 220 805 1880 854; baseline 0 -11"><span class='ocrx_word' id='word_1_71' title='bbox 220 805 238 832; x_wconf 76' lang='lat'><strong>⁴</strong></span> <span class='ocrx_word' id='word_1_72' title='bbox 261 821 276 841; x_wconf 92' lang='lat'>«</span> <span class='ocrx_word' id='word_1_73' title='bbox 304 808 530 853; x_wconf 87' lang='lat' dir='ltr'>Philosophi</span> <span class='ocrx_word' id='word_1_74' title='bbox 559 808 676 854; x_wconf 92' lang='lat' dir='ltr'>primi</span> <span class='ocrx_word' id='word_1_75' title='bbox 707 808 801 843; x_wconf 87' lang='lat' dir='ltr'>anni</span> <span class='ocrx_word' id='word_1_76' title='bbox 832 818 901 854; x_wconf 90' lang='lat' dir='ltr'>per</span> <span class='ocrx_word' id='word_1_77' title='bbox 926 808 1096 843; x_wconf 89' lang='lat' dir='ltr'>mediam</span> <span class='ocrx_word' id='word_1_78' title='bbox 1123 807 1261 843; x_wconf 88' lang='lat' dir='ltr'>horam</span> <span class='ocrx_word' id='word_1_79' title='bbox 1289 807 1543 843; x_wconf 88' lang='lat' dir='ltr'>examinandi</span> <span class='ocrx_word' id='word_1_80' title='bbox 1568 809 1661 843; x_wconf 85' lang='lat' dir='ltr'>sunt</span> <span class='ocrx_word' id='word_1_81' title='bbox 1685 807 1732 843; x_wconf 90' lang='lat' dir='ltr'>de</span> <span class='ocrx_word' id='word_1_82' title='bbox 1755 807 1880 854; x_wconf 86' lang='lat' dir='ltr'>logica</span> 
     </span>
     <span class='ocr_line' id='line_1_12' title="bbox 166 866 1880 913; baseline -0.001 -10"><span class='ocrx_word' id='word_1_83' title='bbox 166 870 204 903; x_wconf 88' lang='lat' dir='ltr'>et</span> <span class='ocrx_word' id='word_1_84' title='bbox 226 867 495 913; x_wconf 64' lang='lat' dir='ltr'>metaphysica</span> <span class='ocrx_word' id='word_1_85' title='bbox 516 867 712 913; x_wconf 80' lang='lat' dir='ltr'>generali;</span> <span class='ocrx_word' id='word_1_86' title='bbox 746 868 793 902; x_wconf 91' lang='lat' dir='ltr'>de</span> <span class='ocrx_word' id='word_1_87' title='bbox 822 867 958 903; x_wconf 91' lang='lat' dir='ltr'>eodem</span> <span class='ocrx_word' id='word_1_88' title='bbox 988 877 1203 913; x_wconf 82' lang='lat' dir='ltr'>progressu</span> <span class='ocrx_word' id='word_1_89' title='bbox 1234 867 1275 902; x_wconf 90' lang='lat' dir='ltr'>in</span> <span class='ocrx_word' id='word_1_90' title='bbox 1304 867 1473 902; x_wconf 88' lang='lat' dir='ltr'>mathesi</span> <span class='ocrx_word' id='word_1_91' title='bbox 1501 866 1565 902; x_wconf 91' lang='lat' dir='ltr'>hic</span> <span class='ocrx_word' id='word_1_92' title='bbox 1590 867 1722 902; x_wconf 86' lang='lat' dir='ltr'>Romae</span> <span class='ocrx_word' id='word_1_93' title='bbox 1751 867 1880 903; x_wconf 88' lang='lat' dir='ltr'>solum</span> 
     </span>
     <span class='ocr_line' id='line_1_13' title="bbox 165 925 1880 973; baseline 0 -11"><span class='ocrx_word' id='word_1_94' title='bbox 165 926 365 972; x_wconf 79' lang='lat' dir='ltr'>judicatur</span> <span class='ocrx_word' id='word_1_95' title='bbox 394 937 442 962; x_wconf 85' lang='lat' dir='ltr'>ex</span> <span class='ocrx_word' id='word_1_96' title='bbox 472 926 641 972; x_wconf 88' lang='lat' dir='ltr'>publicis</span> <span class='ocrx_word' id='word_1_97' title='bbox 671 926 1045 969; x_wconf 81' lang='lat' dir='ltr'>exercitationibus;</span> <span class='ocrx_word' id='word_1_98' title='bbox 1080 926 1149 962; x_wconf 84' lang='lat' dir='ltr'>sed</span> <span class='ocrx_word' id='word_1_99' title='bbox 1180 926 1361 962; x_wconf 84' lang='lat' dir='ltr'>clausula</span> <span class='ocrx_word' id='word_1_100' title='bbox 1390 926 1483 972; x_wconf 84' lang='lat' dir='ltr'>Reg.</span> <span class='ocrx_word' id='word_1_101' title='bbox 1508 927 1621 962; x_wconf 90' lang='lat' dir='ltr'>Prov.</span> <span class='ocrx_word' id='word_1_102' title='bbox 1649 925 1695 963; x_wconf 80' lang='lat'>19</span> <span class='ocrx_word' id='word_1_103' title='bbox 1726 927 1774 962; x_wconf 89' lang='lat' dir='ltr'>de</span> <span class='ocrx_word' id='word_1_104' title='bbox 1803 926 1880 973; x_wconf 78' lang='lat' dir='ltr'>qua</span> 
     </span>
     <span class='ocr_line' id='line_1_14' title="bbox 168 985 1881 1031; baseline 0 -10"><span class='ocrx_word' id='word_1_105' title='bbox 168 986 345 1031; x_wconf 88' lang='lat' dir='ltr'>loquitur</span> <span class='ocrx_word' id='word_1_106' title='bbox 365 985 409 1021; x_wconf 61' lang='grc' dir='ltr'>11ὅ</span> <span class='ocrx_word' id='word_1_107' title='bbox 431 986 486 1028; x_wconf 57' lang='grc' dir='ltr'>Ψ,</span> <span class='ocrx_word' id='word_1_108' title='bbox 521 996 657 1021; x_wconf 88' lang='lat' dir='ltr'>revera</span> <span class='ocrx_word' id='word_1_109' title='bbox 688 986 750 1021; x_wconf 92' lang='lat' dir='ltr'>hic</span> <span class='ocrx_word' id='word_1_110' title='bbox 780 996 859 1021; x_wconf 92' lang='lat' dir='ltr'>non</span> <span class='ocrx_word' id='word_1_111' title='bbox 891 985 1048 1021; x_wconf 83' lang='lat' dir='ltr'>videtur</span> <span class='ocrx_word' id='word_1_112' title='bbox 1077 986 1242 1021; x_wconf 83' lang='lat' dir='ltr'>servari.</span> <span class='ocrx_word' id='word_1_113' title='bbox 1266 985 1344 1031; x_wconf 83' lang='lat' dir='ltr'>Ego</span> <span class='ocrx_word' id='word_1_114' title='bbox 1373 988 1506 1021; x_wconf 87' lang='lat' dir='ltr'>tamen</span> <span class='ocrx_word' id='word_1_115' title='bbox 1532 985 1737 1021; x_wconf 92' lang='lat' dir='ltr'>laudarem</span> <span class='ocrx_word' id='word_1_116' title='bbox 1763 996 1881 1022; x_wconf 89' lang='lat' dir='ltr'>usum</span> 
     </span>
     <span class='ocr_line' id='line_1_15' title="bbox 166 1045 1878 1091; baseline 0 -10"><span class='ocrx_word' id='word_1_117' title='bbox 166 1045 424 1088; x_wconf 86' lang='lat' dir='ltr'>contrarium,</span> <span class='ocrx_word' id='word_1_118' title='bbox 448 1045 541 1091; x_wconf 88' lang='lat' dir='ltr'>quia</span> <span class='ocrx_word' id='word_1_119' title='bbox 563 1045 675 1080; x_wconf 84' lang='lat' dir='ltr'>Ratio</span> <span class='ocrx_word' id='word_1_120' title='bbox 698 1045 922 1081; x_wconf 87' lang='lat' dir='ltr'>studiorum</span> <span class='ocrx_word' id='word_1_121' title='bbox 944 1055 1060 1088; x_wconf 79' lang='lat' dir='ltr'>nova,</span> <span class='ocrx_word' id='word_1_122' title='bbox 1087 1045 1211 1081; x_wconf 91' lang='lat' dir='ltr'>donec</span> <span class='ocrx_word' id='word_1_123' title='bbox 1231 1045 1407 1090; x_wconf 83' lang='lat' dir='ltr'>legitima</span> <span class='ocrx_word' id='word_1_124' title='bbox 1434 1045 1669 1080; x_wconf 90' lang='lat' dir='ltr'>auctoritate</span> <span class='ocrx_word' id='word_1_125' title='bbox 1688 1048 1878 1089; x_wconf 88' lang='lat' dir='ltr'>mutetur,</span> 
     </span>
     <span class='ocr_line' id='line_1_16' title="bbox 171 1104 462 1141; baseline 0 -1"><span class='ocrx_word' id='word_1_126' title='bbox 171 1104 367 1141; x_wconf 84' lang='lat' dir='ltr'>servanda</span> <span class='ocrx_word' id='word_1_127' title='bbox 388 1107 462 1140; x_wconf 86' lang='lat' dir='ltr'>est.</span> 
     </span>
    </p>
   </div>
   <div class='ocr_carea' id='block_1_7' title="bbox 167 1163 1883 1447">
    <p class='ocr_par' dir='ltr' id='par_1_7' title="bbox 167 1163 1883 1447">
     <span class='ocr_line' id='line_1_17' title="bbox 225 1163 1883 1210; baseline 0.001 -12"><span class='ocrx_word' id='word_1_128' title='bbox 225 1177 241 1197; x_wconf 89' lang='lat'>«</span> <span class='ocrx_word' id='word_1_129' title='bbox 272 1164 315 1199; x_wconf 93' lang='lat' dir='ltr'>In</span> <span class='ocrx_word' id='word_1_130' title='bbox 343 1163 513 1210; x_wconf 87' lang='lat' dir='ltr'>Collegio</span> <span class='ocrx_word' id='word_1_131' title='bbox 541 1163 717 1199; x_wconf 91' lang='lat' dir='ltr'>Romano</span> <span class='ocrx_word' id='word_1_132' title='bbox 749 1164 977 1210; x_wconf 87' lang='lat' dir='ltr'>Philosophi</span> <span class='ocrx_word' id='word_1_133' title='bbox 1007 1163 1170 1199; x_wconf 86' lang='lat' dir='ltr'>secundi</span> <span class='ocrx_word' id='word_1_134' title='bbox 1200 1163 1310 1207; x_wconf 85' lang='lat' dir='ltr'>anni,</span> <span class='ocrx_word' id='word_1_135' title='bbox 1343 1173 1390 1199; x_wconf 82' lang='lat' dir='ltr'>ex</span> <span class='ocrx_word' id='word_1_136' title='bbox 1417 1163 1587 1209; x_wconf 83' lang='lat' dir='ltr'>singulis</span> <span class='ocrx_word' id='word_1_137' title='bbox 1614 1163 1791 1200; x_wconf 89' lang='lat' dir='ltr'>materiis</span> <span class='ocrx_word' id='word_1_138' title='bbox 1815 1174 1883 1210; x_wconf 91' lang='lat' dir='ltr'>per</span> 
     </span>
     <span class='ocr_line' id='line_1_18' title="bbox 168 1223 1882 1270; baseline 0 -11"><span class='ocrx_word' id='word_1_139' title='bbox 168 1224 300 1260; x_wconf 90' lang='lat' dir='ltr'>decem</span> <span class='ocrx_word' id='word_1_140' title='bbox 329 1223 484 1259; x_wconf 88' lang='lat' dir='ltr'>minuta</span> <span class='ocrx_word' id='word_1_141' title='bbox 514 1224 795 1259; x_wconf 81' lang='lat' dir='ltr'>examinantur</span> <span class='ocrx_word' id='word_1_142' title='bbox 823 1235 830 1258; x_wconf 93' lang='lat'>:</span> <span class='ocrx_word' id='word_1_143' title='bbox 861 1227 1034 1259; x_wconf 86' lang='lat' dir='ltr'>ceterum</span> <span class='ocrx_word' id='word_1_144' title='bbox 1066 1234 1155 1259; x_wconf 86' lang='lat' dir='ltr'>cum</span> <span class='ocrx_word' id='word_1_145' title='bbox 1189 1233 1325 1259; x_wconf 88' lang='lat' dir='ltr'>omnes</span> <span class='ocrx_word' id='word_1_146' title='bbox 1352 1226 1432 1259; x_wconf 86' lang='lat' dir='ltr'>tres</span> <span class='ocrx_word' id='word_1_147' title='bbox 1464 1223 1606 1259; x_wconf 84' lang='lat' dir='ltr'>scholae</span> <span class='ocrx_word' id='word_1_148' title='bbox 1635 1224 1685 1260; x_wconf 90' lang='lat' dir='ltr'>ad</span> <span class='ocrx_word' id='word_1_149' title='bbox 1710 1223 1882 1270; x_wconf 89' lang='lat' dir='ltr'>philoso-</span> 
     </span>
     <span class='ocr_line' id='line_1_19' title="bbox 167 1283 1882 1330; baseline 0.001 -12"><span class='ocrx_word' id='word_1_150' title='bbox 167 1283 318 1330; x_wconf 89' lang='lat' dir='ltr'>phiam,</span> <span class='ocrx_word' id='word_1_151' title='bbox 344 1283 391 1318; x_wconf 88' lang='lat' dir='ltr'>de</span> <span class='ocrx_word' id='word_1_152' title='bbox 418 1292 495 1328; x_wconf 88' lang='lat' dir='ltr'>qua</span> <span class='ocrx_word' id='word_1_153' title='bbox 523 1293 688 1318; x_wconf 80' lang='lat' dir='ltr'>examen</span> <span class='ocrx_word' id='word_1_154' title='bbox 717 1283 941 1319; x_wconf 78' lang='lat' dir='ltr'>faciendum</span> <span class='ocrx_word' id='word_1_155' title='bbox 969 1286 1042 1325; x_wconf 83' lang='lat' dir='ltr'>est,</span> <span class='ocrx_word' id='word_1_156' title='bbox 1068 1283 1309 1329; x_wconf 89' lang='lat' dir='ltr'>pertineant,</span> <span class='ocrx_word' id='word_1_157' title='bbox 1332 1293 1411 1318; x_wconf 91' lang='lat' dir='ltr'>non</span> <span class='ocrx_word' id='word_1_158' title='bbox 1438 1286 1571 1328; x_wconf 86' lang='lat' dir='ltr'>putem</span> <span class='ocrx_word' id='word_1_159' title='bbox 1597 1283 1717 1319; x_wconf 88' lang='lat' dir='ltr'>nimis</span> <span class='ocrx_word' id='word_1_160' title='bbox 1738 1294 1882 1330; x_wconf 85' lang='lat' dir='ltr'>urgen-</span> 
     </span>
     <span class='ocr_line' id='line_1_20' title="bbox 169 1342 1883 1388; baseline 0 -9"><span class='ocrx_word' id='word_1_161' title='bbox 169 1344 260 1379; x_wconf 90' lang='lat' dir='ltr'>dam</span> <span class='ocrx_word' id='word_1_162' title='bbox 293 1352 379 1378; x_wconf 85' lang='lat' dir='ltr'>esse</span> <span class='ocrx_word' id='word_1_163' title='bbox 411 1345 591 1378; x_wconf 81' lang='lat' dir='ltr'>exactam</span> <span class='ocrx_word' id='word_1_164' title='bbox 624 1343 813 1388; x_wconf 89' lang='lat' dir='ltr'>temporis</span> <span class='ocrx_word' id='word_1_165' title='bbox 846 1342 1114 1388; x_wconf 81' lang='lat' dir='ltr'>partitionem.</span> <span class='ocrx_word' id='word_1_166' title='bbox 1152 1355 1167 1376; x_wconf 83' lang='lat'>»</span> <span class='ocrx_word' id='word_1_167' title='bbox 1205 1342 1261 1388; x_wconf 83' lang='lat' dir='ltr'>(P.</span> <span class='ocrx_word' id='word_1_168' title='bbox 1294 1342 1508 1388; x_wconf 83' lang='lat' dir='ltr'>Kleutgen‚</span> <span class='ocrx_word' id='word_1_169' title='bbox 1536 1342 1680 1379; x_wconf 89' lang='lat' dir='ltr'>Secret.</span> <span class='ocrx_word' id='word_1_170' title='bbox 1711 1342 1796 1379; x_wconf 86' lang='lat' dir='ltr'>Soc.</span> <span class='ocrx_word' id='word_1_171' title='bbox 1832 1343 1883 1379; x_wconf 92' lang='lat' dir='ltr'>ad</span> 
     </span>
     <span class='ocr_line' id='line_1_21' title="bbox 170 1401 1194 1447; baseline -0.001 -9"><span class='ocrx_word' id='word_1_172' title='bbox 170 1403 211 1438; x_wconf 94' lang='lat' dir='ltr'>P.</span> <span class='ocrx_word' id='word_1_173' title='bbox 234 1402 429 1444; x_wconf 81' lang='lat' dir='ltr'>Rami&#39;ere‚</span> <span class='ocrx_word' id='word_1_174' title='bbox 455 1402 566 1438; x_wconf 79' lang='lat' dir='ltr'>Praef.</span> <span class='ocrx_word' id='word_1_175' title='bbox 593 1402 697 1438; x_wconf 84' lang='lat' dir='ltr'>stud.</span> <span class='ocrx_word' id='word_1_176' title='bbox 724 1402 848 1445; x_wconf 85' lang='lat' dir='ltr'>Vals.‚</span> <span class='ocrx_word' id='word_1_177' title='bbox 877 1402 922 1437; x_wconf 87' lang='lat'>17</span> <span class='ocrx_word' id='word_1_178' title='bbox 945 1412 1035 1437; x_wconf 82' lang='lat' dir='ltr'>nov.</span> <span class='ocrx_word' id='word_1_179' title='bbox 1061 1401 1194 1447; x_wconf 86' lang='lat'>1860.)</span> 
     </span>
    </p>
   </div>
   <div class='ocr_carea' id='block_1_8' title="bbox 166 1461 1884 1568">
    <p class='ocr_par' dir='ltr' id='par_1_8' title="bbox 166 1461 1884 1568">
     <span class='ocr_line' id='line_1_22' title="bbox 222 1461 1884 1508; baseline 0.001 -11"><span class='ocrx_word' id='word_1_180' title='bbox 222 1461 413 1497; x_wconf 83' lang='lat' dir='ltr'>Examina</span> <span class='ocrx_word' id='word_1_181' title='bbox 446 1472 580 1497; x_wconf 90' lang='lat' dir='ltr'>annua</span> <span class='ocrx_word' id='word_1_182' title='bbox 612 1472 693 1497; x_wconf 92' lang='lat' dir='ltr'>non</span> <span class='ocrx_word' id='word_1_183' title='bbox 728 1462 872 1497; x_wconf 89' lang='lat' dir='ltr'>debent</span> <span class='ocrx_word' id='word_1_184' title='bbox 906 1471 992 1496; x_wconf 84' lang='lat' dir='ltr'>esse</span> <span class='ocrx_word' id='word_1_185' title='bbox 1024 1461 1198 1507; x_wconf 86' lang='lat' dir='ltr'>publica.</span> <span class='ocrx_word' id='word_1_186' title='bbox 1234 1461 1367 1496; x_wconf 88' lang='lat' dir='ltr'>Solent</span> <span class='ocrx_word' id='word_1_187' title='bbox 1400 1461 1590 1497; x_wconf 85' lang='lat' dir='ltr'>interesse</span> <span class='ocrx_word' id='word_1_188' title='bbox 1623 1461 1884 1508; x_wconf 88' lang='lat' dir='ltr'>condiscipuli</span> 
     </span>
     <span class='ocr_line' id='line_1_23' title="bbox 166 1520 1783 1568; baseline 0.001 -11"><span class='ocrx_word' id='word_1_189' title='bbox 166 1530 320 1564; x_wconf 87' lang='lat' dir='ltr'>omnes,</span> <span class='ocrx_word' id='word_1_190' title='bbox 345 1531 417 1557; x_wconf 90' lang='lat' dir='ltr'>nec</span> <span class='ocrx_word' id='word_1_191' title='bbox 438 1521 673 1567; x_wconf 86' lang='lat' dir='ltr'>prohibendi</span> <span class='ocrx_word' id='word_1_192' title='bbox 698 1524 831 1557; x_wconf 86' lang='lat' dir='ltr'>essent</span> <span class='ocrx_word' id='word_1_193' title='bbox 853 1521 886 1556; x_wconf 89' lang='lat' dir='ltr'>si</span> <span class='ocrx_word' id='word_1_194' title='bbox 909 1520 976 1566; x_wconf 92' lang='lat' dir='ltr'>qui</span> <span class='ocrx_word' id='word_1_195' title='bbox 998 1521 1048 1556; x_wconf 90' lang='lat' dir='ltr'>ad</span> <span class='ocrx_word' id='word_1_196' title='bbox 1069 1524 1223 1566; x_wconf 88' lang='lat' dir='ltr'>portam</span> <span class='ocrx_word' id='word_1_197' title='bbox 1244 1521 1383 1556; x_wconf 85' lang='lat' dir='ltr'>adesse</span> <span class='ocrx_word' id='word_1_198' title='bbox 1403 1521 1550 1557; x_wconf 86' lang='lat' dir='ltr'>vellent</span> <span class='ocrx_word' id='word_1_199' title='bbox 1575 1521 1627 1567; x_wconf 86' lang='lat' dir='ltr'>(a.</span> <span class='ocrx_word' id='word_1_200' title='bbox 1652 1521 1783 1568; x_wconf 82' lang='lat'>1649).</span> 
     </span>
    </p>
   </div>
   <div class='ocr_carea' id='block_1_9' title="bbox 169 1663 1888 2882">
    <p class='ocr_par' dir='ltr' id='par_1_9' title="bbox 169 1663 1886 2108">
     <span class='ocr_line' id='line_1_24' title="bbox 229 1663 1884 1722; baseline 0 -13"><span class='ocrx_word' id='word_1_201' title='bbox 229 1665 288 1709; x_wconf 95' lang='grc' dir='ltr'>ΙΙ.</span> <span class='ocrx_word' id='word_1_202' title='bbox 305 1691 363 1696; x_wconf 90' lang='grc'>-</span> <span class='ocrx_word' id='word_1_203' title='bbox 384 1666 590 1710; x_wconf 84' lang='lat' dir='ltr'>Examen</span> <span class='ocrx_word' id='word_1_204' title='bbox 611 1677 820 1709; x_wconf 90' lang='lat' dir='ltr'>annuum</span> <span class='ocrx_word' id='word_1_205' title='bbox 842 1664 1182 1722; x_wconf 70' lang='lat' dir='ltr'>theologorum.</span> <span class='ocrx_word' id='word_1_206' title='bbox 1200 1688 1258 1696; x_wconf 89' lang='lat'>—</span> <span class='ocrx_word' id='word_1_207' title='bbox 1275 1663 1405 1707; x_wconf 89' lang='lat' dir='ltr'>Idem</span> <span class='ocrx_word' id='word_1_208' title='bbox 1422 1664 1582 1707; x_wconf 83' lang='lat' dir='ltr'>testari</span> <span class='ocrx_word' id='word_1_209' title='bbox 1601 1664 1774 1709; x_wconf 86' lang='lat' dir='ltr'>debent</span> <span class='ocrx_word' id='word_1_210' title='bbox 1790 1665 1884 1709; x_wconf 91' lang='lat' dir='ltr'>duo</span> 
     </span>
     <span class='ocr_line' id='line_1_25' title="bbox 171 1741 1886 1800; baseline 0 -13"><span class='ocrx_word' id='word_1_211' title='bbox 171 1742 511 1787; x_wconf 75' lang='lat' dir='ltr'>examinatores</span> <span class='ocrx_word' id='word_1_212' title='bbox 536 1748 589 1786; x_wconf 90' lang='lat' dir='ltr'>ut</span> <span class='ocrx_word' id='word_1_213' title='bbox 617 1756 641 1786; x_wconf 94' lang='lat' dir='ltr'>a</span> <span class='ocrx_word' id='word_1_214' title='bbox 668 1743 821 1800; x_wconf 90' lang='lat' dir='ltr'>primo</span> <span class='ocrx_word' id='word_1_215' title='bbox 850 1755 970 1786; x_wconf 88' lang='lat' dir='ltr'>anno</span> <span class='ocrx_word' id='word_1_216' title='bbox 996 1741 1243 1800; x_wconf 75' lang='lat' dir='ltr'>theologiae</span> <span class='ocrx_word' id='word_1_217' title='bbox 1271 1741 1327 1784; x_wconf 91' lang='lat' dir='ltr'>ad</span> <span class='ocrx_word' id='word_1_218' title='bbox 1354 1741 1633 1797; x_wconf 81' lang='lat' dir='ltr'>secundum,</span> <span class='ocrx_word' id='word_1_219' title='bbox 1660 1748 1754 1787; x_wconf 89' lang='lat' dir='ltr'>tres</span> <span class='ocrx_word' id='word_1_220' title='bbox 1781 1748 1835 1787; x_wconf 92' lang='lat' dir='ltr'>ut</span> <span class='ocrx_word' id='word_1_221' title='bbox 1860 1757 1886 1787; x_wconf 90' lang='lat' dir='ltr'>a</span> 
     </span>
     <span class='ocr_line' id='line_1_26' title="bbox 169 1819 1885 1876; baseline 0 -11"><span class='ocrx_word' id='word_1_222' title='bbox 169 1820 377 1865; x_wconf 87' lang='lat' dir='ltr'>secundo</span> <span class='ocrx_word' id='word_1_223' title='bbox 397 1819 454 1863; x_wconf 90' lang='lat' dir='ltr'>ad</span> <span class='ocrx_word' id='word_1_224' title='bbox 476 1819 667 1864; x_wconf 90' lang='lat' dir='ltr'>tertium</span> <span class='ocrx_word' id='word_1_225' title='bbox 689 1825 767 1863; x_wconf 87' lang='lat' dir='ltr'>aut</span> <span class='ocrx_word' id='word_1_226' title='bbox 788 1833 813 1863; x_wconf 89' lang='lat' dir='ltr'>a</span> <span class='ocrx_word' id='word_1_227' title='bbox 836 1819 973 1863; x_wconf 91' lang='lat' dir='ltr'>tertio</span> <span class='ocrx_word' id='word_1_228' title='bbox 995 1819 1053 1863; x_wconf 89' lang='lat' dir='ltr'>ad</span> <span class='ocrx_word' id='word_1_229' title='bbox 1075 1824 1294 1876; x_wconf 88' lang='lat' dir='ltr'>quartum</span> <span class='ocrx_word' id='word_1_230' title='bbox 1317 1819 1540 1863; x_wconf 80' lang='lat' dir='ltr'>transitus</span> <span class='ocrx_word' id='word_1_231' title='bbox 1562 1819 1655 1863; x_wconf 84' lang='lat' dir='ltr'>fiat.</span> <span class='ocrx_word' id='word_1_232' title='bbox 1675 1820 1885 1865; x_wconf 80' lang='lat' dir='ltr'>Examen</span> 
     </span>
     <span class='ocr_line' id='line_1_27' title="bbox 169 1895 1882 1956; baseline 0 -15"><span class='ocrx_word' id='word_1_233' title='bbox 169 1898 311 1956; x_wconf 90' lang='lat' dir='ltr'>primi</span> <span class='ocrx_word' id='word_1_234' title='bbox 333 1903 378 1942; x_wconf 88' lang='lat' dir='ltr'>et</span> <span class='ocrx_word' id='word_1_235' title='bbox 399 1897 591 1941; x_wconf 83' lang='grc' dir='ltr'><strong>50011οᾶ1</strong></span> <span class='ocrx_word' id='word_1_236' title='bbox 613 1897 723 1940; x_wconf 89' lang='lat' dir='ltr'>anni</span> <span class='ocrx_word' id='word_1_237' title='bbox 745 1910 830 1955; x_wconf 89' lang='lat' dir='ltr'>per</span> <span class='ocrx_word' id='word_1_238' title='bbox 852 1896 1159 1940; x_wconf 83' lang='lat' dir='ltr'>semi-horam</span> <span class='ocrx_word' id='word_1_239' title='bbox 1180 1895 1246 1952; x_wconf 79' lang='lat' dir='ltr'>fit,</span> <span class='ocrx_word' id='word_1_240' title='bbox 1267 1896 1394 1940; x_wconf 89' lang='lat' dir='ltr'>tertii</span> <span class='ocrx_word' id='word_1_241' title='bbox 1415 1901 1574 1940; x_wconf 88' lang='lat' dir='ltr'>autem</span> <span class='ocrx_word' id='word_1_242' title='bbox 1595 1911 1681 1955; x_wconf 88' lang='lat' dir='ltr'>per</span> <span class='ocrx_word' id='word_1_243' title='bbox 1699 1898 1882 1941; x_wconf 88' lang='lat' dir='ltr'>horam.</span> 
     </span>
     <span class='ocr_line' id='line_1_28' title="bbox 169 1972 1886 2032; baseline 0.001 -14"><span class='ocrx_word' id='word_1_244' title='bbox 169 1974 236 2027; x_wconf 93' lang='lat' dir='ltr'>(C.</span> <span class='ocrx_word' id='word_1_245' title='bbox 259 1975 334 2030; x_wconf 61' lang='lat' dir='ltr'>G„</span> <span class='ocrx_word' id='word_1_246' title='bbox 363 1974 447 2027; x_wconf 89' lang='lat' dir='ltr'>XI,</span> <span class='ocrx_word' id='word_1_247' title='bbox 470 1974 544 2031; x_wconf 76' lang='lat'>24,</span> <span class='ocrx_word' id='word_1_248' title='bbox 567 1974 632 2027; x_wconf 86' lang='grc'>1.)</span> <span class='ocrx_word' id='word_1_249' title='bbox 654 1974 732 2018; x_wconf 87' lang='lat' dir='ltr'>Eae</span> <span class='ocrx_word' id='word_1_250' title='bbox 756 1979 916 2018; x_wconf 90' lang='lat' dir='ltr'>tamen</span> <span class='ocrx_word' id='word_1_251' title='bbox 940 1974 1198 2018; x_wconf 65' lang='lat' dir='ltr'>Provinciae</span> <span class='ocrx_word' id='word_1_252' title='bbox 1220 1986 1326 2032; x_wconf 80' lang='lat' dir='ltr'>quae</span> <span class='ocrx_word' id='word_1_253' title='bbox 1353 1972 1459 2031; x_wconf 86' lang='lat' dir='ltr'>plus</span> <span class='ocrx_word' id='word_1_254' title='bbox 1482 1975 1707 2032; x_wconf 85' lang='lat' dir='ltr'>temporis</span> <span class='ocrx_word' id='word_1_255' title='bbox 1736 1976 1777 2019; x_wconf 92' lang='lat' dir='ltr'>ei</span> <span class='ocrx_word' id='word_1_256' title='bbox 1804 1976 1886 2020; x_wconf 88' lang='lat' dir='ltr'>tri-</span> 
     </span>
     <span class='ocr_line' id='line_1_29' title="bbox 170 2050 1304 2108; baseline -0.002 -11"><span class='ocrx_word' id='word_1_257' title='bbox 170 2052 321 2097; x_wconf 89' lang='lat' dir='ltr'>buunt</span> <span class='ocrx_word' id='word_1_258' title='bbox 348 2066 487 2096; x_wconf 86' lang='lat' dir='ltr'>suum</span> <span class='ocrx_word' id='word_1_259' title='bbox 512 2065 652 2095; x_wconf 90' lang='lat' dir='ltr'>usum</span> <span class='ocrx_word' id='word_1_260' title='bbox 679 2057 880 2096; x_wconf 86' lang='lat' dir='ltr'>servent.</span> <span class='ocrx_word' id='word_1_261' title='bbox 912 2051 981 2108; x_wconf 88' lang='lat' dir='ltr'>(C.</span> <span class='ocrx_word' id='word_1_262' title='bbox 1008 2052 1082 2108; x_wconf 60' lang='lat' dir='ltr'>G„</span> <span class='ocrx_word' id='word_1_263' title='bbox 1106 2051 1186 2108; x_wconf 84' lang='lat' dir='ltr'>XI,</span> <span class='ocrx_word' id='word_1_264' title='bbox 1210 2050 1304 2105; x_wconf 75' lang='lat'>24.)</span> 
     </span>
    </p>

    <p class='ocr_par' dir='ltr' id='par_1_10' title="bbox 169 2128 1888 2882">
     <span class='ocr_line' id='line_1_30' title="bbox 230 2128 1885 2187; baseline 0 -13"><span class='ocrx_word' id='word_1_265' title='bbox 230 2130 390 2174; x_wconf 89' lang='lat' dir='ltr'>Potest</span> <span class='ocrx_word' id='word_1_266' title='bbox 421 2128 724 2173; x_wconf 74' lang='lat' dir='ltr'>Provincialis</span> <span class='ocrx_word' id='word_1_267' title='bbox 758 2143 866 2174; x_wconf 91' lang='lat' dir='ltr'>cum</span> <span class='ocrx_word' id='word_1_268' title='bbox 901 2129 958 2173; x_wconf 84' lang='lat' dir='ltr'>iis</span> <span class='ocrx_word' id='word_1_269' title='bbox 992 2129 1071 2187; x_wconf 87' lang='lat' dir='ltr'>qui</span> <span class='ocrx_word' id='word_1_270' title='bbox 1105 2128 1385 2186; x_wconf 87' lang='lat' dir='ltr'>praeclarum</span> <span class='ocrx_word' id='word_1_271' title='bbox 1418 2130 1475 2173; x_wconf 91' lang='lat' dir='ltr'>ad</span> <span class='ocrx_word' id='word_1_272' title='bbox 1509 2129 1885 2174; x_wconf 85' lang='lat' dir='ltr'>concionandum</span> 
     </span>
     <span class='ocr_line' id='line_1_31' title="bbox 169 2206 1883 2267; baseline 0.001 -15"><span class='ocrx_word' id='word_1_273' title='bbox 169 2213 250 2252; x_wconf 90' lang='lat' dir='ltr'>aut</span> <span class='ocrx_word' id='word_1_274' title='bbox 281 2206 642 2266; x_wconf 82' lang='lat' dir='ltr'>gubernandum</span> <span class='ocrx_word' id='word_1_275' title='bbox 678 2206 906 2251; x_wconf 80' lang='lat' dir='ltr'>talentum</span> <span class='ocrx_word' id='word_1_276' title='bbox 941 2206 1121 2250; x_wconf 84' lang='lat' dir='ltr'>habent</span> <span class='ocrx_word' id='word_1_277' title='bbox 1152 2212 1198 2250; x_wconf 89' lang='lat' dir='ltr'>et</span> <span class='ocrx_word' id='word_1_278' title='bbox 1224 2206 1599 2251; x_wconf 85' lang='lat' dir='ltr'>mediocritatem</span> <span class='ocrx_word' id='word_1_279' title='bbox 1630 2208 1883 2267; x_wconf 79' lang='lat' dir='ltr'>attingunt,</span> 
     </span>
     <span class='ocr_line' id='line_1_32' title="bbox 169 2283 1887 2342; baseline 0 -13"><span class='ocrx_word' id='word_1_280' title='bbox 169 2285 443 2342; x_wconf 85' lang='lat' dir='ltr'>dispensare</span> <span class='ocrx_word' id='word_1_281' title='bbox 464 2290 516 2327; x_wconf 89' lang='grc'>111</span> <span class='ocrx_word' id='word_1_282' title='bbox 535 2283 736 2328; x_wconf 88' lang='lat' dir='ltr'>ulterius</span> <span class='ocrx_word' id='word_1_283' title='bbox 757 2284 1146 2342; x_wconf 78' lang='lat' dir='ltr'>progrediantur3</span> <span class='ocrx_word' id='word_1_284' title='bbox 1169 2283 1250 2327; x_wconf 86' lang='lat' dir='ltr'>sed</span> <span class='ocrx_word' id='word_1_285' title='bbox 1279 2284 1335 2327; x_wconf 92' lang='lat' dir='ltr'>de</span> <span class='ocrx_word' id='word_1_286' title='bbox 1363 2284 1451 2328; x_wconf 89' lang='lat' dir='ltr'>hac</span> <span class='ocrx_word' id='word_1_287' title='bbox 1471 2285 1631 2329; x_wconf 88' lang='lat' dir='ltr'>talenti</span> <span class='ocrx_word' id='word_1_288' title='bbox 1658 2286 1887 2330; x_wconf 76' lang='lat' dir='ltr'>excellen-</span> 
     </span>
     <span class='ocr_line' id='line_1_33' title="bbox 169 2355 1886 2420; baseline 0.001 -14"><span class='ocrx_word' id='word_1_289' title='bbox 169 2355 232 2407; x_wconf 81' lang='lat' dir='ltr'>tia</span> <span class='ocrx_word' id='word_1_290' title='bbox 254 2368 467 2406; x_wconf 86' lang='lat' dir='ltr'>constare</span> <span class='ocrx_word' id='word_1_291' title='bbox 495 2361 633 2406; x_wconf 84' lang='lat' dir='ltr'>debet</span> <span class='ocrx_word' id='word_1_292' title='bbox 656 2361 833 2420; x_wconf 87' lang='lat' dir='ltr'>judicio</span> <span class='ocrx_word' id='word_1_293' title='bbox 862 2361 1214 2417; x_wconf 81' lang='lat' dir='ltr'>Consultorum,</span> <span class='ocrx_word' id='word_1_294' title='bbox 1239 2360 1383 2419; x_wconf 88' lang='lat' dir='ltr'>idque</span> <span class='ocrx_word' id='word_1_295' title='bbox 1411 2362 1703 2407; x_wconf 88' lang='lat' dir='ltr'>considerate</span> <span class='ocrx_word' id='word_1_296' title='bbox 1724 2363 1886 2408; x_wconf 91' lang='lat' dir='ltr'>admo-</span> 
     </span>
     <span class='ocr_line' id='line_1_34' title="bbox 172 2437 1886 2498; baseline 0.001 -15"><span class='ocrx_word' id='word_1_297' title='bbox 172 2439 286 2484; x_wconf 90' lang='lat' dir='ltr'>dum</span> <span class='ocrx_word' id='word_1_298' title='bbox 309 2438 664 2483; x_wconf 87' lang='lat' dir='ltr'>decernendum</span> <span class='ocrx_word' id='word_1_299' title='bbox 687 2444 771 2482; x_wconf 83' lang='lat' dir='ltr'>est.</span> <span class='ocrx_word' id='word_1_300' title='bbox 791 2437 862 2496; x_wconf 83' lang='lat' dir='ltr'>(C.</span> <span class='ocrx_word' id='word_1_301' title='bbox 887 2439 941 2483; x_wconf 81' lang='lat' dir='ltr'>G.</span> <span class='ocrx_word' id='word_1_302' title='bbox 962 2438 1065 2495; x_wconf 81' lang='lat' dir='ltr'>VH,</span> <span class='ocrx_word' id='word_1_303' title='bbox 1086 2438 1162 2483; x_wconf 85' lang='lat'>33.</span> <span class='ocrx_word' id='word_1_304' title='bbox 1181 2464 1239 2470; x_wconf 93' lang='lat'>—</span> <span class='ocrx_word' id='word_1_305' title='bbox 1259 2437 1323 2482; x_wconf 83' lang='lat' dir='ltr'>St.</span> <span class='ocrx_word' id='word_1_306' title='bbox 1349 2438 1405 2482; x_wconf 83' lang='lat' dir='ltr'>R.</span> <span class='ocrx_word' id='word_1_307' title='bbox 1427 2438 1560 2483; x_wconf 89' lang='lat' dir='ltr'>Prov.</span> <span class='ocrx_word' id='word_1_308' title='bbox 1584 2439 1658 2497; x_wconf 82' lang='grc'>19,</span> <span class='ocrx_word' id='word_1_309' title='bbox 1686 2440 1729 2496; x_wconf 89' lang='grc'>7,</span> <span class='ocrx_word' id='word_1_310' title='bbox 1754 2441 1798 2498; x_wconf 86' lang='grc'>8,</span> <span class='ocrx_word' id='word_1_311' title='bbox 1821 2442 1886 2495; x_wconf 83' lang='lat'>9.)</span> 
     </span>
     <span class='ocr_line' id='line_1_35' title="bbox 171 2515 1887 2576; baseline 0.001 -15"><span class='ocrx_word' id='word_1_312' title='bbox 171 2517 302 2561; x_wconf 89' lang='lat' dir='ltr'>Idem</span> <span class='ocrx_word' id='word_1_313' title='bbox 328 2530 524 2560; x_wconf 75' lang='lat' dir='ltr'>examen</span> <span class='ocrx_word' id='word_1_314' title='bbox 552 2515 711 2559; x_wconf 82' lang='lat' dir='ltr'>subire</span> <span class='ocrx_word' id='word_1_315' title='bbox 745 2516 918 2560; x_wconf 87' lang='lat' dir='ltr'>debent</span> <span class='ocrx_word' id='word_1_316' title='bbox 945 2517 1024 2574; x_wconf 89' lang='lat' dir='ltr'>qui</span> <span class='ocrx_word' id='word_1_317' title='bbox 1055 2522 1239 2574; x_wconf 89' lang='lat' dir='ltr'>partem</span> <span class='ocrx_word' id='word_1_318' title='bbox 1274 2516 1538 2559; x_wconf 83' lang='lat' dir='ltr'>studiorum</span> <span class='ocrx_word' id='word_1_319' title='bbox 1571 2522 1678 2561; x_wconf 88' lang='lat' dir='ltr'>ante</span> <span class='ocrx_word' id='word_1_320' title='bbox 1707 2518 1887 2576; x_wconf 85' lang='lat' dir='ltr'>ingres-</span> 
     </span>
     <span class='ocr_line' id='line_1_36' title="bbox 171 2593 1887 2654; baseline 0.001 -15"><span class='ocrx_word' id='word_1_321' title='bbox 171 2607 276 2639; x_wconf 87' lang='lat' dir='ltr'>sum</span> <span class='ocrx_word' id='word_1_322' title='bbox 310 2593 633 2649; x_wconf 85' lang='lat' dir='ltr'>confecerunt,</span> <span class='ocrx_word' id='word_1_323' title='bbox 665 2593 756 2636; x_wconf 84' lang='lat' dir='ltr'>nisi</span> <span class='ocrx_word' id='word_1_324' title='bbox 785 2593 978 2637; x_wconf 90' lang='lat' dir='ltr'>mallent</span> <span class='ocrx_word' id='word_1_325' title='bbox 1012 2593 1102 2637; x_wconf 91' lang='lat' dir='ltr'>iter</span> <span class='ocrx_word' id='word_1_326' title='bbox 1134 2593 1360 2649; x_wconf 81' lang='lat' dir='ltr'>remetiri,</span> <span class='ocrx_word' id='word_1_327' title='bbox 1386 2593 1510 2651; x_wconf 88' lang='lat' dir='ltr'>quod</span> <span class='ocrx_word' id='word_1_328' title='bbox 1543 2599 1701 2638; x_wconf 90' lang='lat' dir='ltr'>tamen</span> <span class='ocrx_word' id='word_1_329' title='bbox 1727 2597 1887 2654; x_wconf 83' lang='lat' dir='ltr'>negari</span> 
     </span>
     <span class='ocr_line' id='line_1_37' title="bbox 172 2668 1888 2730; baseline 0.001 -14"><span class='ocrx_word' id='word_1_330' title='bbox 172 2676 341 2730; x_wconf 86' lang='lat' dir='ltr'>potest.</span> <span class='ocrx_word' id='word_1_331' title='bbox 366 2670 436 2728; x_wconf 86' lang='lat' dir='ltr'>(C.</span> <span class='ocrx_word' id='word_1_332' title='bbox 462 2670 537 2726; x_wconf 60' lang='lat' dir='ltr'>G„</span> <span class='ocrx_word' id='word_1_333' title='bbox 558 2669 658 2725; x_wconf 87' lang='lat' dir='ltr'>VII,</span> <span class='ocrx_word' id='word_1_334' title='bbox 682 2668 759 2727; x_wconf 83' lang='lat'>33)</span> <span class='ocrx_word' id='word_1_335' title='bbox 774 2670 785 2691; x_wconf 83' lang='lat'><strong>¹</strong></span> <span class='ocrx_word' id='word_1_336' title='bbox 817 2670 878 2716; x_wconf 90' lang='lat' dir='ltr'>Ut</span> <span class='ocrx_word' id='word_1_337' title='bbox 902 2670 1007 2729; x_wconf 85' lang='lat' dir='ltr'>quis</span> <span class='ocrx_word' id='word_1_338' title='bbox 1029 2670 1086 2715; x_wconf 93' lang='lat' dir='ltr'>ad</span> <span class='ocrx_word' id='word_1_339' title='bbox 1108 2670 1391 2728; x_wconf 79' lang='lat' dir='ltr'>theologiam</span> <span class='ocrx_word' id='word_1_340' title='bbox 1412 2670 1693 2715; x_wconf 88' lang='lat' dir='ltr'>audiendam</span> <span class='ocrx_word' id='word_1_341' title='bbox 1720 2672 1888 2718; x_wconf 92' lang='lat' dir='ltr'>admit-</span> 
     </span>
     <span class='ocr_line' id='line_1_38' title="bbox 172 2747 1887 2808; baseline 0.001 -14"><span class='ocrx_word' id='word_1_342' title='bbox 172 2755 296 2794; x_wconf 86' lang='lat' dir='ltr'>tatur</span> <span class='ocrx_word' id='word_1_343' title='bbox 319 2749 432 2808; x_wconf 88' lang='lat' dir='ltr'>quin</span> <span class='ocrx_word' id='word_1_344' title='bbox 457 2747 830 2792; x_wconf 88' lang='lat' dir='ltr'>mediocritatem</span> <span class='ocrx_word' id='word_1_345' title='bbox 857 2748 905 2791; x_wconf 92' lang='lat' dir='ltr'>in</span> <span class='ocrx_word' id='word_1_346' title='bbox 927 2747 1227 2806; x_wconf 88' lang='lat' dir='ltr'>philosophia</span> <span class='ocrx_word' id='word_1_347' title='bbox 1255 2748 1587 2805; x_wconf 34' lang='lat' dir='ltr'>superaverit&amp;</span> <span class='ocrx_word' id='word_1_348' title='bbox 1618 2749 1745 2794; x_wconf 83' lang='lat' dir='ltr'>solus</span> <span class='ocrx_word' id='word_1_349' title='bbox 1772 2751 1887 2795; x_wconf 91' lang='lat' dir='ltr'>Pro-</span> 
     </span>
     <span class='ocr_line' id='line_1_39' title="bbox 174 2825 1887 2882; baseline 0.002 -12"><span class='ocrx_word' id='word_1_350' title='bbox 174 2826 382 2870; x_wconf 83' lang='lat' dir='ltr'>vincialis</span> <span class='ocrx_word' id='word_1_351' title='bbox 403 2825 675 2882; x_wconf 79' lang='lat' dir='ltr'>dispensare</span> <span class='ocrx_word' id='word_1_352' title='bbox 703 2830 872 2882; x_wconf 81' lang='lat' dir='ltr'>potest,</span> <span class='ocrx_word' id='word_1_353' title='bbox 895 2839 982 2868; x_wconf 88' lang='lat' dir='ltr'>nec</span> <span class='ocrx_word' id='word_1_354' title='bbox 1010 2826 1103 2869; x_wconf 86' lang='lat' dir='ltr'>nisi</span> <span class='ocrx_word' id='word_1_355' title='bbox 1130 2825 1263 2869; x_wconf 85' lang='lat' dir='ltr'>illum</span> <span class='ocrx_word' id='word_1_356' title='bbox 1287 2825 1384 2882; x_wconf 82' lang='lat' dir='ltr'>qui,</span> <span class='ocrx_word' id='word_1_357' title='bbox 1408 2825 1688 2882; x_wconf 85' lang='lat' dir='ltr'>praeclarum</span> <span class='ocrx_word' id='word_1_358' title='bbox 1706 2827 1887 2873; x_wconf 85' lang='lat' dir='ltr'>habens</span> 
     </span>
    </p>
   </div>
   <div class='ocr_carea' id='block_1_10' title="bbox 176 2901 1883 3038">
    <p class='ocr_par' dir='ltr' id='par_1_11' title="bbox 176 2901 1883 3038">
     <span class='ocr_line' id='line_1_40' title="bbox 176 2901 1883 2964; baseline 0.001 -15"><span class='ocrx_word' id='word_1_359' title='bbox 176 2902 484 2949; x_wconf 86' lang='lat' dir='ltr'>concionandi</span> <span class='ocrx_word' id='word_1_360' title='bbox 520 2907 601 2946; x_wconf 87' lang='lat' dir='ltr'>aut</span> <span class='ocrx_word' id='word_1_361' title='bbox 640 2901 938 2960; x_wconf 80' lang='lat' dir='ltr'>gubernandi</span> <span class='ocrx_word' id='word_1_362' title='bbox 976 2903 1230 2959; x_wconf 79' lang='lat' dir='ltr'>talentum,</span> <span class='ocrx_word' id='word_1_363' title='bbox 1270 2902 1638 2947; x_wconf 86' lang='lat' dir='ltr'>mediocritatem</span> <span class='ocrx_word' id='word_1_364' title='bbox 1674 2906 1883 2964; x_wconf 82' lang='lat' dir='ltr'>attingat.</span> 
     </span>
     <span class='ocr_line' id='line_1_41' title="bbox 177 2979 686 3038; baseline -0.008 -11"><span class='ocrx_word' id='word_1_365' title='bbox 177 2982 248 3038; x_wconf 80' lang='lat' dir='ltr'>(C.</span> <span class='ocrx_word' id='word_1_366' title='bbox 272 2982 347 3037; x_wconf 59' lang='lat' dir='ltr'>G„</span> <span class='ocrx_word' id='word_1_367' title='bbox 371 2980 474 3037; x_wconf 82' lang='lat' dir='ltr'>VII,</span> <span class='ocrx_word' id='word_1_368' title='bbox 498 2979 571 3035; x_wconf 84' lang='lat'>33,</span> <span class='ocrx_word' id='word_1_369' title='bbox 595 2979 686 3033; x_wconf 88' lang='grc'>1.)3</span> 
     </span>
    </p>
   </div>
  </div>
 </body>
</html>
