2145 3366
0 1525 47 1571 quod
56 1526 70 1562 si

4 1586 46 1622 3111.

7 1730 71 1759 naim

2 1801 73 1839 tenen-

11 1874 73 1917 etiam

13 2115 74 2153 intui:

11 2200 77 2233 ictur-

11 2267 75 2313 elios.

733 273 788 300 lit-1
821 272 1030 300 Fm’lanA
1066 270 1323 298 ‹lltlxltlTA'l‘lfi
1764 297 1767 300 Α
1805 259 1874 297 {llll

175 452 279 497 plus,
312 451 476 488 arbitrio
505 450 727 496 Superioris
749 450 804 497 (a.
834 450 963 489 1599).
999 451 1133 486 Postea
1166 452 1360 485 statutum
1392 452 1450 485 cst
1479 452 1521 484 ut
1548 449 1721 494 hospites
1749 458 1884 484 omnes

175 511 221 547 (le
243 511 434 546 Societate
463 512 549 555 post
577 510 755 545 triduum
784 510 1016 556 redigantur
1042 510 1091 545 ad
1114 510 1261 545 victum
1289 519 1552 551 communem,
1577 508 1731 544 etiamsi
1760 508 1884 553 Supe-

176 571 300 606 riores
328 570 428 607 sint:
452 579 523 605 nec
550 568 779 615 Superiores
801 570 1033 615 permittant
1057 569 1133 605 sibi
1160 569 1303 615 apponi
1329 569 1599 614 particularia,
1624 568 1705 603 sive
1733 568 1772 602 in
1800 568 1885 602 cibo

175 630 256 665 sive
279 630 317 664 in
340 632 433 674 potu
456 628 512 674 (a.
540 628 669 666 1646).
702 628 821 664 Hodie
843 629 1083 665 attendenda
1105 632 1198 664 sunt
1221 629 1329 664 varia
1352 628 1649 663 Provinciarum
1677 630 1885 663 consuetu—

174 689 342 724 dinaria.
371 709 416 713 —
440 688 554 723 Nullo
582 688 696 723 modo
724 689 975 734 probandum
1003 691 1061 723 est
1088 691 1130 724 ut
1161 688 1226 723 illo
1258 688 1389 723 triduo
1422 697 1499 733 quo
1520 687 1580 723 vel
1611 686 1884 729 Provincialis,

174 748 234 783 vel
262 749 367 784 alius
393 747 580 793 Superior
607 750 798 792 tanquam
825 748 966 794 hospes
990 748 1138 783 lautius
1162 750 1370 790 tractatur,
1395 748 1530 783 eodem
1556 747 1669 782 modo
1697 748 1888 782 tractetur

175 811 208 843 et
233 808 422 853 Superior
448 807 521 842 loci
544 806 600 853 (a.
628 806 759 853 1630).

230 867 299 902 l'l›i
330 876 497 913 magnus
522 876 739 902 concursus
760 869 819 902 est
842 866 1042 912 hospitum
1066 866 1119 913 (v.
1145 877 1182 912 g.
1207 867 1395 913 Posonii),
1421 866 1596 912 hospites
1624 866 1783 902 nonnisi
1811 876 1888 901 uno

175 926 237 963 die
258 929 481 962 tractantur
502 926 753 972 hospitaliter
774 924 830 972 (a.
858 925 988 972 1647).

228 986 409 1022 Rectores
431 995 510 1021 non
531 985 723 1021 excedant
740 985 781 1020 in
799 986 1018 1021 tractandis
1034 986 1274 1031 hospitibus,
1294 996 1363 1021 nec
1381 988 1630 1032 aucupentur
1649 986 1724 1022 sibi
1746 995 1888 1021 nomen

175 1045 351 1082 liberalis
372 1048 407 1081 et
431 1045 629 1091 splendidi
652 1044 708 1090 (a.
738 1044 868 1082 1647).

227 1105 389 1151 Hospes,
416 1105 497 1140 sive
524 1105 788 1151 negotiorum,
815 1105 898 1140 sive
926 1105 1166 1140 valetudinis
1188 1115 1323 1148 causa,
1347 1105 1443 1141 alibi
1464 1115 1727 1149 commorans,
1756 1114 1888 1140 cense-

174 1168 238 1202 tur
259 1165 476 1211 longiorem
504 1174 655 1200 moram
678 1164 850 1207 trahere,
873 1164 1052 1209 adeoque
1076 1164 1218 1200 debere
1240 1164 1391 1201 solvere
1418 1168 1603 1211 sumptus
1623 1164 1736 1210 juxta
1757 1165 1889 1200 decre-

176 1227 261 1261 tum
288 1224 332 1259 18
353 1224 473 1270 Cong.
499 1223 582 1267 VII,
607 1223 640 1259 51
663 1223 791 1270 spatio
814 1223 936 1260 unius
960 1224 1107 1260 mensis
1129 1224 1190 1259 vel
1211 1224 1383 1270 amplius
1404 1225 1458 1260 ibi
1486 1227 1643 1261 maneat
1670 1223 1727 1271 (a.
1751 1223 1886 1271 1639).

238 1375 315 1421 IV.
342 1402 400 1408 ——
427 1377 545 1435 Erga
569 1376 808 1430 absentes,
843 1389 951 1420 cum
979 1375 1154 1435 quibus
1181 1376 1443 1421 litterarum
1479 1377 1646 1421 crebra
1677 1390 1890 1422 commu-
1946 1391 1979 1417 3>

178 1454 346 1499 nicatio
369 1454 573 1498 multum
594 1453 996 1498 commendatur¹.
1024 1453 1148 1497 Olim
1171 1460 1334 1512 quarto
1361 1468 1546 1512 quoque
1574 1469 1737 1499 mense
1765 1468 1891 1499 com-
1915 1447 1918 1450 ⁴

180 1546 348 1576 munes
379 1533 545 1576 litterae
572 1546 598 1576 a
626 1531 824 1590 singulis
854 1531 1111 1575 Provinciis
1140 1532 1382 1576 mittenda}
1416 1538 1565 1577 erant.
1606 1532 1736 1589 (Cst.,
1761 1532 1887 1589 VIII,

177 1622 209 1666 1,
233 1610 276 1666 9,
303 1609 389 1664 M.)
425 1608 654 1667 Deinceps
690 1623 799 1653 vero
838 1614 1068 1653 statutum
1105 1615 1177 1654 est
1209 1616 1260 1654 ut
1293 1610 1488 1669 singulis
1524 1611 1660 1654 annis
1690 1610 1891 1654 Romam

177 1688 490 1745 mitterentur,
530 1692 583 1731 ut
618 1687 684 1730 ibi
723 1687 1072 1746 colligerentur,
1110 1688 1501 1746 imprimerentur
1537 1693 1583 1732 et
1615 1702 1699 1746 per
1733 1687 1891 1732 Socie-

176 1771 319 1811 tatem
348 1766 730 1824 spargerentur?
765 1765 835 1823 (G.
867 1766 942 1823 G„
978 1766 1054 1822 IV,
1087 1766 1169 1822 383
1206 1793 1264 1798 ——
1294 1766 1396 1824 VII,
1431 1767 1512 1822 2193
1548 1793 1607 1798 —
1636 1766 1760 1822 XXI,
1792 1766 1890 1822 20.)

178 1843 341 1888 Mense
377 1844 521 1903 igitur
553 1843 793 1902 januario,
833 1844 1034 1889 Romam
1073 1844 1327 1889 mittuntur
1364 1858 1534 1889 annuae
1574 1844 1743 1889 litterae
1779 1845 1891 1888 anni

177 1921 442 1980 penultimi.
482 1922 537 1979 (F
542 1935 661 1966 orm.
703 1921 850 1966 Scrib.
891 1921 987 1978 27.)
1031 1921 1091 1966 At
1130 1927 1436 1967 externorum
1479 1923 1685 1979 nemini,
1731 1922 1892 1980 quavis

178 2000 439 2056 occasione,
465 1999 894 2045 communicentur.
920 1999 1041 2058 (Or.,
1066 2013 1130 2058 iv,
1153 2000 1275 2057 lt).

230 2125 242 2153 1
274 2128 456 2166 Formula
488 2131 601 2165 vetus
634 2128 912 2165 subscribendi
943 2128 1089 2165 litteris
1115 2130 1259 2166 Servus
1287 2129 1333 2166 in
1362 2128 1516 2167 Christo
1554 2129 1722 2165 retinere
1761 2130 1889 2173 debet,

177 2189 338 2226 resectis
368 2189 479 2233 aliis,
513 2199 604 2225 cum
639 2189 812 2225 maxima
843 2188 1131 2235 Religiosorum
1166 2189 1372 2225 urbanitas
1407 2189 1458 2225 sit
1491 2192 1627 2225 sancta
1657 2189 1892 2236 simplicitas

179 2249 314 2289 (1622.
345 2248 477 2296 1642).

231 2325 247 2351 '2
267 2328 420 2363 Annua]
441 2327 626 2373 legantur
653 2337 722 2372 per
742 2326 990 2363 Provinciam
1018 2330 1134 2373 prout
1156 2338 1178 2363 a
1199 2327 1382 2374 Collegiis
1404 2327 1537 2364 missa}
1564 2330 1672 2372 sunt,
1695 2337 1775 2363 non
1801 2339 1892 2364 con-

180 2390 314 2423 tracta}
336 2386 392 2425 (a.
421 2386 551 2433 1612).
581 2386 656 2422 Nec
678 2396 777 2433 opus
801 2389 860 2423 est
880 2389 924 2422 ut
944 2387 1115 2434 eleganti
1137 2387 1240 2434 stylo
1262 2387 1419 2434 scripta:
1440 2387 1650 2423 mittantur
1671 2386 1727 2434 (a.
1754 2387 1888 2435 1584).

246 2539 294 2584 V.
318 2566 376 2571 -—
402 2540 519 2597 Erqa
546 2538 686 2584 morti
712 2538 970 2596 proximos,
1002 2539 1205 2583 maxime
1236 2539 1444 2583 eminere
1477 2539 1618 2584 debet
1647 2539 1892 2586 Societatis

182 2618 382 2662 charitas
426 2631 434 2660 :
486 2622 750 2675 opportune
794 2617 1069 2661 muniantur
1104 2618 1323 2662 omnibus
1362 2618 1533 2662 sanctis
1570 2619 1890 2675 sacramentis,

179 2697 405 2754 Juventur
444 2694 735 2739 orationibus
777 2695 1163 2753 domesticorum,
1196 2700 1241 2739 et
1268 2696 1355 2753 piis
1385 2695 1540 2739 ‘verbis
1577 2696 1797 2740 assistant
1827 2697 1892 2741 eis

183 2773 326 2831 aliqui
360 2773 627 2831 pecularius
661 2772 829 2816 delecti
864 2773 944 2830 qui
974 2773 1140 2817 saltem
1174 2774 1270 2817 suis
1298 2773 1520 2831 precibus
1553 2773 1610 2816 ad
1645 2774 1891 2819 transitum

184 2866 334 2910 usque
360 2856 720 2909 prosequantur.
755 2850 890 2907 (Cst.,
918 2851 994 2907 VI,
1026 2864 1089 2907 iv,
1113 2852 1156 2908 2,
1182 2851 1237 2895 A.
1264 2877 1322 2883 —
1350 2852 1405 2894 R.
1438 2851 1545 2907 Int'.,
1572 2851 1644 2906 13,
1669 2851 1767 2907 1141.)
1798 2852 1891 2911 Ipsi

184 2943 292 2973 vero
320 2929 481 2988 {egroti
511 2929 715 2973 vicissim
750 2934 862 2973 tunc
896 2929 1098 2972 maxime
1133 2943 1297 2973 omnes
1329 2928 1563 2973 aedificare
1590 2935 1823 2975 conentur
1851 2938 1894 2976 et

187 3005 324 3051 DEUM
352 3007 629 3063 glorificare.
661 3007 794 3061 (fist,
821 3007 896 3060 Vt,
922 3020 984 3061 ix',
1014 3007 1080 3061 xl.)

1948 2548 2001 2582 320
