2145 3366
16 438 59 484 luit,

0 519 56 561 titur.

0 716 63 747 aarum

0 828 64 865 mittan-

0 889 63 926 indum

535 240 740 270 ichMiNA
774 240 1179 269 s‹:11t›1,;xs'1‘1‹:‹›ltt'M
1215 238 1488 267 Nos'rnoiwn
1790 229 1867 265 ῑέὅῐ)

154 434 310 460 omnem
333 424 531 468 deponant
555 422 635 458 tore
658 425 699 457 ut
725 423 763 457 in
791 422 870 457 illis
893 421 1075 467 progredi
1105 420 1390 466 permittantur
1413 420 1491 455 nisi
1520 419 1559 454 in
1582 419 1755 465 legitimo
1779 428 1869 453 exa—

156 484 259 519 mine
285 482 519 528 requisitum
542 482 785 517 obtinuerint
807 491 1055 516 successum:
1089 480 1212 515 multo
1240 479 1372 514 minus
1396 479 1564 514 alterum
1592 478 1870 514 concederetur

154 553 319 579 examen
347 542 394 577 ad
417 542 585 586 gradum
614 542 693 576 illis
719 541 864 586 quibus
885 540 1059 586 primum
1090 550 1168 574 non
1203 538 1407 574 successit.
1440 538 1479 574 Si
1508 548 1584 583 quo
1610 548 1704 573 casu
1730 547 1870 583 graves

155 603 203 638 ob
233 611 374 638 causas
404 601 622 646 exceptioni
654 601 854 636 videretur
883 610 968 635 esse
998 599 1123 637 locus,
1156 599 1292 634 nullus
1320 598 1467 634 directe
1498 598 1547 633 ad
1576 607 1647 633 nos
1677 599 1868 639 recurrat,

156 672 225 697 nec
253 660 508 696 l‘rovincialis
539 661 620 706 ipse
648 660 810 695 deliniat
838 669 964 704 neque
992 659 1041 694 ad
1070 668 1142 693 nos
1172 658 1330 698 referat,
1362 658 1438 692 nisi
1472 667 1513 692 re
1540 657 1651 702 prins
1682 667 1769 692 cum
1798 655 1866 692 CC.

155 722 349 762 discussa,
383 720 573 765 nullaque
607 720 741 754 habita
773 719 923 754 ratione
956 718 1303 754 intercessionum.
1337 730 1350 749 »
1384 714 1432 764 (9.
1463 718 1610 752 Colum.
1641 727 1729 751 cum
1757 716 1869 751 Prov.

152 777 295 820 Tolos),

207 857 224 885 ‘²
245 859 395 895 Infirmi
427 859 493 904 qui
524 861 695 904 quatuor
731 857 790 893 vel
821 858 995 903 quinque
1026 857 1231 892 mensibus
1263 856 1416 892 scholas
1444 856 1710 901 frequentant.
1735 855 1874 900 ma10ri

155 922 286 955 tamen
308 919 496 964 temporis
519 921 629 963 parte
651 918 700 952 ob
723 917 996 952 infirmitatem
1019 917 1183 959 absunt,
1209 916 1370 951 minime
1392 916 1642 951 satisfaciunt
1664 915 1697 950 si
1723 915 1763 950 in
1792 924 1872 949 ma-

155 979 265 1015 teriis
288 981 443 1014 tantum
467 978 616 1013 auditis
636 977 914 1012 examinentur
941 974 992 1023 [a.
1021 974 1150 1024 1650).
1180 976 1367 1011 Attamen
1395 979 1529 1021 postea
1550 974 1787 1020 permissum
1815 977 1874 1009 est

155 1042 196 1074 ut
217 1039 285 1084 qui
306 1038 347 1073 in
376 1038 547 1073 secundo
569 1046 672 1072 anno
695 1036 872 1071 febribus
893 1036 1143 1070 laboraverat
1174 1035 1474 1070 examinaretur
1503 1035 1550 1070 de
1581 1034 1629 1069 iis
1650 1044 1736 1079 quse
1757 1034 1873 1069 audi-

155 1101 278 1144 verat,
304 1100 346 1133 ut
365 1098 414 1133 ad
437 1097 596 1132 tertium
620 1096 822 1131 transiret.
848 1095 887 1131 Si
903 1095 992 1141 quis
1009 1095 1108 1130 nihil
1126 1095 1294 1138 audivit,
1315 1094 1455 1130 tertius
1470 1104 1599 1129 annus
1615 1104 1685 1140 pro
1701 1094 1873 1129 secundo

154 1158 347 1193 habeatur
370 1154 420 1203 (a.
452 1153 579 1204 lssz’io'fi.

207 1216 279 1260 Qui
307 1226 410 1252 anno
435 1216 550 1251 tertio
581 1217 803 1261 propugnat
833 1215 873 1249 in
897 1217 986 1249 actu
1021 1224 1159 1260 parvo,
1185 1214 1315 1249 theses
1346 1213 1440 1248 anni
1469 1212 1647 1255 secundi,
1681 1223 1759 1248 non
1789 1213 1874 1248 ideo

155 1279 283 1322 potest
304 1276 353 1311 ad
379 1278 566 1321 quartum
588 1285 737 1310 annum
759 1275 909 1319 absque
930 1273 1111 1309 examine
1134 1273 1292 1309 admitti
1315 1269 1366 1320 (a.
1391 1270 1522 1322 1627).

209 1336 381 1371 Examen
415 1336 647 1370 Nostrorum
680 1344 758 1370 non
793 1334 907 1369 debet
938 1333 1024 1368 fieri
1058 1332 1281 1369 insistendo
1312 1332 1481 1368 nimium
1513 1332 1774 1377 argumentis,
1807 1332 1876 1369 sed

156 1406 224 1442 per
255 1395 386 1431 varias
422 1395 608 1430 materias
639 1394 912 1436 discum-ende,
948 1396 990 1429 ut
1021 1395 1210 1439 appareat
1232 1393 1427 1438 quomodo
1459 1392 1499 1428 in
1532 1392 1589 1428 eis
1616 1392 1763 1428 versati
1796 1392 1876 1429 sint

156 1454 209 1503 (a.
239 1452 367 1503 1644).

216 1599 300 1643 ΙΙΙ.
325 1626 382 1631 -
411 1599 607 1644 Quinam
636 1599 731 1644 sint
758 1598 1126 1643 examinatores.
1150 1623 1209 1631 —
1235 1599 1590 1643 Examinatores
1613 1613 1637 1643 a
1659 1600 1876 1645 Generali

158 1682 270 1721 sunt
305 1676 623 1735 designandi¹.
656 1676 725 1733 (C.
752 1676 826 1731 G„
856 1676 956 1731 ΥΠ,
982 1675 1077 1730 33.)
1115 1676 1292 1720 Eorum
1331 1676 1543 1720 defectu²
1575 1676 1876 1722 Provincialis

160 1755 274 1799 alios
309 1754 564 1798 substituet
590 1767 674 1811 pro
697 1759 925 1811 tempore.
954 1752 1193 1806 Quantum
1223 1753 1325 1797 fieri
1355 1758 1508 1811 potest
1537 1768 1561 1798 a
1598 1754 1878 1799 Professori-

158 1832 246 1876 bus
276 1831 448 1875 diversi
475 1845 577 1874 esse
610 1831 822 1875 dehent?
856 1830 924 1887 (C.
949 1831 1023 1886 G„
1053 1830 1153 1887 ΥΠ,
1177 1830 1251 1886 33,
1274 1831 1318 1874 5.
1343 1858 1401 1862 —
1435 1831 1499 1875 St.
1530 1831 1586 1876 R.
1617 1832 1771 1888 Prov„
1799 1832 1872 1889 19,

156 1909 251 1963 114.)
280 1909 504 1961 Quamvis
534 1914 693 1953 autem
709 1914 725 1941 4
747 1910 1014 1966 juramento
1037 1908 1092 1951 ad
1116 1908 1204 1952 hoc
1226 1922 1319 1952 non
1344 1909 1707 1967 adstringantur,
1730 1910 1877 1954 sciant

157 1993 313 2031 tamen
355 2000 403 2030 se
445 1986 639 2044 obligari
678 1986 733 2029 ad
771 1991 1006 2030 secretum
1042 1986 1339 2030 servandum.
1378 1986 1448 2043 (C.
1479 1987 1552 2043 G.‚
1582 1987 1681 2044 ΥΠ,
1710 1987 1789 2043 23,
1819 2014 1877 2020 -——

156 2065 214 2120 X,
259 2064 322 2118 6.)
369 2063 468 2108 Neo
507 2064 821 2122 comparative
858 2063 915 2107 ad
952 2063 1067 2107 alios
1105 2063 1185 2107 sed
1223 2063 1434 2108 absolute
1466 2064 1698 2122 judicium
1734 2080 1875 2109 suum

158 2141 281 2185 ferre
319 2141 507 2185 debent.
550 2141 620 2195 (C.
652 2141 726 2197 G.,
750 2141 857 2197 XII,
883 2141 957 2197 22,
991 2141 1056 2195 4.)
1078 2141 1283 2186 Possunt
1316 2155 1425 2186 vero
1455 2156 1510 2185 ex
1536 2142 1732 2186 scientia
1752 2156 1874 2201 prae-

157 2218 315 2262 habita
335 2218 562 2277 judiCare.
589 2218 658 2274 (C.
683 2219 758 2274 G„
783 2219 934 2274 XXII,
955 2218 1075 2272 37.)5
1098 2218 1383 2277 Suffragium
1413 2220 1609 2263 dubium
1638 2234 1720 2278 pro
1747 2220 1874 2264 nullo

158 2296 373 2340 habetur.
398 2295 467 2353 (C.
491 2296 565 2350 G.,
589 2295 690 2352 VII,
714 2295 838 2349 33.)ss

212 2419 224 2445 ¹
247 2421 545 2456 Examinatores
575 2421 698 2466 jurati
730 2431 810 2457 non
838 2424 1005 2467 possunt
1027 2422 1174 2458 mutari
1202 2422 1281 2457 nisi
1308 2432 1331 2457 a
1358 2422 1471 2458 Patre
1491 2423 1630 2459 Nostro
1662 2421 1713 2472 (a.
1742 2423 1870 2472 1633).

158 2480 240 2516 Non
262 2483 392 2526 potest
412 2480 672 2516 Provincialis
694 2484 849 2517 mutare
878 2482 1168 2517 examinatores
1190 2482 1443 2518 confirmatos
1464 2492 1487 2518 a
1507 2482 1704 2526 Generali,
1727 2483 1806 2519 nisi
1832 2484 1873 2520 in

159 2549 253 2575 casu
275 2539 389 2575 valde
410 2539 567 2586 urgenti
591 2536 642 2586 (a.
667 2536 797 2588 1633).

212 2617 229 2644 2
250 2620 360 2655 Alias
381 2620 701 2656 commendatum
722 2620 797 2656 tuit
824 2620 1140 2658 Provincialibus
1165 2624 1202 2658 et
1229 2631 1335 2658 nunc
1361 2622 1504 2657 iterum
1534 2624 1871 2668 commendamus,

161 2682 295 2726 utpote
322 2689 405 2715 rem
426 2679 654 2725 gravissimi
677 2680 865 2716 momenti
891 2683 928 2716 et
951 2681 1056 2717 unde
1078 2681 1334 2726 Superiorum
1361 2681 1601 2718 conscientia
1628 2693 1706 2719 non
1732 2694 1873 2730 parum

160 2741 363 2782 oneratur,
400 2749 449 2774 ne
481 2739 713 2774 Nostrorum
747 2739 830 2775 sive
863 2739 1123 2786 philosophiae
1156 2741 1239 2776 sive
1276 2741 1478 2786 theologiae
1508 2744 1544 2777 et
1574 2743 1794 2788 praesertim
1824 2744 1873 2780 ad

159 2798 328 2845 gradum
354 2798 648 2834 examinatores
671 2799 966 2835 constituantur
986 2799 1065 2835 nisi
1087 2800 1154 2846 qui
1177 2810 1243 2836 eas
1265 2800 1474 2836 facultates
1494 2800 1535 2836 in
1556 2801 1747 2838 Societate
1772 2803 1873 2840 didi-

161 2857 306 2900 cerint,
341 2860 409 2893 aut
442 2858 581 2893 saltem
613 2858 660 2893 de
690 2858 771 2894 illis
803 2859 1021 2894 secundum
1051 2869 1188 2895 omnes
1217 2862 1349 2905 partes
1379 2862 1416 2895 et
1446 2870 1534 2895 cum
1566 2861 1668 2896 felici
1697 2863 1806 2898 exitu
1832 2863 1873 2898 in

161 2916 248 2962 ipsa
276 2917 468 2991 Societate
494 2917 640 2953 tuerint
668 2918 885 2954 examinati
916 2915 1046 2968 (1841,
1071 2919 1121 2955 ad
1136 2919 1378 2966 postulatum
1408 2919 1528 2955 trium
1557 2920 1692 2957 Gallia¹
1713 2922 1873 2959 Provin-

162 2986 341 3013 ciarum„

1932 1614 1983 1641 442
