2145 3366
926 443 1046 507 ιιῖἷῑ
1099 470 1131 507 s

580 783 982 838 MONITUM
1056 784 1475 839 EDITORIS

225 1142 336 1188 Quid
365 1142 446 1179 hac
474 1142 517 1179 in
544 1142 671 1179 tertia
704 1142 849 1191 operis
875 1142 1130 1180 recensione
1156 1153 1246 1191 pra}
1274 1141 1414 1179 oculis
1443 1142 1744 1191 habuerimus,
1770 1154 1879 1192 pau.—

171 1213 247 1261 cis,
273 1213 482 1251 benevole
506 1213 655 1261 lector,
678 1213 841 1262 accipe.

222 1283 266 1321 ¹1¹·
299 1284 333 1322 A
368 1284 598 1322 nonnullis
631 1284 965 1323 desiderabatur
995 1285 1133 1334 magis
1168 1285 1400 1334 perspicua
1432 1296 1580 1323 rerum
1612 1285 1842 1335 dispositio
1870 1297 1876 1323 :

172 1367 271 1393 nam
294 1356 430 1393 menti
450 1356 666 1393 officiebat
684 1356 817 1393 nimis
839 1356 1114 1394 diversorum
1137 1357 1376 1406 congeries.
1396 1356 1501 1402 Qua}
1520 1356 1718 1394 confusio
1741 1357 1881 1395 oritur

170 1437 219 1465 ex
243 1427 335 1476 ipsa
356 1427 682 1476 compilationis
710 1428 870 1466 indole.
901 1428 1203 1465 Nihilominus
1228 1431 1276 1465 ut
1296 1428 1464 1477 judicio
1488 1428 1684 1477 plurium
1705 1429 1879 1466 accede-

171 1509 333 1542 remus,
361 1498 721 1536 distributionem
746 1510 832 1536 non
860 1499 1208 1548 ii‘nnmtavmms,
1232 1510 1286 1537 ne
1310 1499 1405 1537 hzeo
1427 1510 1537 1537 nova
1559 1500 1691 1537 editio
1714 1511 1737 1537 a
1759 1500 1878 1549 prio—

171 1570 293 1608 ribus
315 1570 448 1607 nimis
470 1570 701 1608 dissimilis
731 1570 946 1608 evaderet.
980 1570 1183 1609 Attamen
1215 1570 1519 1609 confusionem
1548 1571 1697 1620 aliquo
1726 1562 1905 1609 saltem*

170 1641 298 1679 modo
326 1641 559 1679 emendare
590 1642 872 1690 tentavimus,
895 1642 1043 1680 addito
1072 1642 1240 1680 scilicet
1267 1653 1413 1680 rerum
1444 1642 1588 1681 indice
1611 1643 1733 1691 juxta
1757 1643 1876 1681 ordi-

170 1723 269 1750 nem
291 1713 619 1762 alphabeticum
641 1713 823 1763 digesto.

223 1784 265 1821 2⁰
295 1784 410 1830 Quos
441 1795 491 1822 ex
520 1784 652 1822 variis
685 1785 941 1823 auctoribus
974 1786 1313 1823 coimnentarios
1348 1786 1679 1835 deprompserat
1711 1786 1755 1824 P.
1792 1787 1876 1824 Ra—

169 1855 318 1899 miere,
344 1855 372 1892 ii
394 1856 660 1905 quandoque
680 1867 767 1894 non
788 1857 891 1894 satis
914 1859 1059 1895 exacte
1082 1857 1232 1895 referri
1254 1857 1335 1895 visi
1359 1860 1476 1895 sunt.
1501 1858 1670 1904 Quibus
1690 1858 1877 1895 subinde

169 1927 364 1976 pressius
391 1927 646 1972 enuntiatis,
670 1928 778 1965 alios
802 1928 1016 1977 quosdam
1042 1929 1352 1978 apposuin'ius3
1376 1929 1493 1978 quod
1518 1932 1566 1967 ut
1588 1929 1746 1967 melius
1769 1941 1877 1978 prte-

169 2001 398 2043 staremuS,
425 1998 680 2047 adjumento
714 1999 830 2037 haud
864 2000 1047 2037 minimo
1079 2000 1260 2038 suerunt
1290 2012 1390 2049 qua}
1420 2000 1472 2038 de
1502 2001 1708 2039 Instituto
1736 2001 1877 2039 Socie-

168 2069 268 2107 tatis
291 2070 411 2107 hisce
434 2071 707 2119 temporibus
728 2082 752 2108 a
774 2071 943 2109 Nostris
966 2071 1009 2108 in
1033 2072 1176 2109 lucem
1202 2072 1317 2110 edita
1338 2075 1456 2110 sunt.

220 2141 263 2177 230
286 2141 568 2179 Decretorum
591 2141 951 2191 Congregationis
972 2143 1109 2180 XXIII
1139 2146 1180 2181 et
1206 2144 1341 2181 XXIV
1366 2146 1406 2181 et
1435 2144 1661 2181 novissimi
1692 2144 1875 2182 Privile-

167 2212 340 2261 giorum
364 2211 621 2262 Compendii
646 2214 859 2252 rationem
881 2214 1134 2263 habuimus,
1163 2225 1334 2253 necnon
1364 2215 1659 2253 recentiorum
1685 2215 1726 2254 S.
1753 2215 1876 2254 Sedis

167 2285 380 2322 actorum.
560 2275 565 2279 ¹

221 2354 264 2392 4⁰
283 2355 447 2393 Vitium
466 2356 586 2393 aliud
609 2367 766 2394 censor
785 2357 929 2406 gravis
951 2358 1067 2395 haud
1090 2369 1207 2396 unus
1228 2359 1395 2396 auctori
1421 2359 1738 2396 criminabatur
1758 2358 1875 2407 quod

170 2436 256 2463 non
280 2426 383 2464 satis
408 2427 595 2465 discrete
618 2428 842 2477 Responsa
869 2429 1149 2467 Generalium
1179 2430 1413 2478 attulisset,
1446 2440 1493 2467 ea
1523 2430 1686 2478 quibus
1713 2433 1876 2479 puncta

165 2495 278 2544 juris
300 2508 350 2535 ex
371 2498 604 2548 principiis
629 2500 936 2538 statuebantur
957 2501 1208 2550 permixtim
1231 2512 1473 2550 congerens
1494 2511 1595 2539 cuin
1618 2501 1687 2538 his
1706 2512 1805 2550 quae
1826 2512 1876 2539 ex

170 2567 377 2616 prudenti
399 2570 644 2607 oeconornia
667 2574 708 2608 et
728 2572 907 2609 attentis
928 2572 1273 2610 circumstantiis
1296 2583 1373 2621 pro
1394 2572 1542 2621 aliquo
1562 2583 1664 2609 casu
1688 2572 1876 2621 particu-

170 2637 269 2687 lari,
308 2641 517 2689 amative,
551 2644 600 2679 ut
632 2642 771 2690 aiunt,
806 2643 1072 2691 prodierant.
1113 2644 1237 2689 Quod
1278 2644 1444 2681 crimen
1483 2644 1527 2680 in
1561 2643 1754 2681 secunda
1785 2644 1874 2692 jam

170 2709 360 2749 editione
387 2711 555 2750 diluere
581 2717 806 2751 curaverat
831 2717 996 2752 auctor.
1028 2715 1081 2753 [ft
1106 2718 1249 2753 tamen
1285 2715 1442 2752 melius
1472 2714 1796 2763 defenderetur,
1830 2715 1873 2752 in

171 2779 322 2819 limine
344 2783 488 2832 operis
511 2785 835 2833 praeposuimus
851 2786 1062 2834 quasdam
1079 2786 1202 2835 quasi
1223 2786 1394 2835 regulas
1409 2786 1461 2823 de
1483 2786 1647 2824 ratione
1669 2788 1709 2823 et
1730 2785 1873 2824 valore

174 2850 498 2903 Responsorum
517 2855 810 2895 Generalium.
