2145 3366
625 232 887 261 PAUPERTAS
921 233 977 259 Ex
1010 232 1188 259 mittunt
1221 233 1264 259 IN
1300 232 1479 261 GRNERE
1854 222 1906 258 07)

196 424 354 450 cessans
370 416 407 448 et
429 422 610 458 expensio
625 414 943 456 compensentur,
969 412 1035 447 scd
1055 412 1173 447 ctiam
1204 412 1501 449 detrimentum,
1528 411 1559 445 51
1582 411 1684 455 quod
1708 413 1902 452 occurrat,

197 473 435 510 resarciatur
460 484 466 506 :
495 475 535 507 at
564 471 821 506 minuendum
849 471 1033 515 pretium,
1067 471 1099 505 si
1122 481 1208 506 sors
1239 481 1286 505 ex
1317 470 1426 505 lucro
1461 470 1631 504 contlata
1665 470 1833 504 sutiiciat
1856 470 1905 504 ad

194 534 402 579 jacturam,
427 542 514 577 quie
535 531 710 565 accidere
732 533 876 575 posset,
902 531 1178 576 reparandam.
1207 530 1407 574 Quidquid
1430 539 1520 564 vero
1542 529 1638 563 lucri
1669 529 1903 574 acquiritur,

195 592 496 638 expendendum
514 593 572 626 est
593 590 633 625 in
654 589 816 635 praemia
831 593 868 625 et
892 590 991 625 alias
1020 600 1081 625 res
1104 590 1278 625 alumnis
1300 589 1495 634 proficuas
1526 598 1596 623 nec
1622 588 1700 633 jani
1724 598 1792 633 pro
1814 598 1906 633 pcn-

198 653 307 687 sione
327 651 494 686 debitas.

249 710 471 755 Proprietas
490 719 580 744 vero
599 708 717 743 sortis
739 718 785 743 ex
807 708 930 751 lucro,
952 711 987 743 et
1010 708 1135 753 ipsius
1158 708 1272 749 lucri,
1297 707 1584 743 consideranda
1603 710 1661 741 est
1684 710 1725 742 ut
1746 707 1786 742 in
1808 710 1906 742 cete—

197 770 252 805 ris
272 769 475 805 convictus
497 768 609 802 bonis
635 767 845 803 mobilibus
872 779 878 802 :
903 767 1008 804 hinc.
1034 768 1081 809 si,
1109 770 1293 802 manente
1314 767 1511 809 convictu⁷
1534 766 1662 801 Nostri
1686 766 1903 805 discedant,

196 828 392 865 convictui
413 828 453 863 id
474 827 798 872 relinquemlum:
825 827 857 861 si
876 837 966 862 vero
988 827 1191 861 convictus
1215 837 1235 861 a
1258 827 1334 861 NN.
1358 826 1550 867 solvatur,
1574 836 1595 860 a
1614 826 1690 861 NN.
1712 826 1907 871 asportari

197 891 338 935 potest,
366 898 409 923 60
430 887 533 932 quod
553 887 756 921 convictus
782 887 849 931 qui
872 886 1105 921 dissolvitur
1127 886 1358 921 Nostrorum
1382 886 1561 931 personis
1586 888 1775 930 tanquam
1798 888 1908 930 parte

197 948 395 994 praecipua
420 949 587 982 constat.
622 946 698 980 Hac
726 946 877 980 ratione
907 949 944 981 et
974 946 1047 980 sut)
1075 946 1315 990 quibusdam
1344 945 1652 988 conditionibus,
1684 945 1724 980 P.
1750 945 1793 979 N.
1818 945 1909 979 huic

197 1007 358 1052 collegio
377 1006 642 1041 venditionem
662 1005 929 1050 supradictam
952 1005 1145 1050 permittit
1160 1005 1208 1039 ad
1231 1005 1465 1039 decennium
1482 1001 1545 1053 (i)
1565 1004 1618 1039 Ex
1637 1004 1782 1049 quibus
1804 1014 1910 1039 men-

197 1070 274 1102 tem
297 1065 500 1102 Societatis
517 1065 563 1100 de
582 1065 732 1099 ratione
753 1065 909 1109 agendi,
929 1065 1057 1110 quoad
1080 1075 1303 1109 pannorum
1325 1067 1360 1099 et
1385 1074 1515 1099 rerum
1540 1064 1739 1099 usualium
1762 1060 1907 1112 (1101111-

196 1123 302 1175 qzces)
324 1125 512 1166 officinas,
540 1122 653 1159 facile
678 1124 860 1159 deduces.
886 1124 929 1159 Et
955 1124 1004 1159 ct.
1031 1124 1168 1159 Ordin.
1195 1134 1264 1169 pro
1293 1124 1411 1159 rebus
1436 1126 1556 1169 temp.
1583 1134 1606 1159 a
1630 1123 1675 1159 R.
1696 1124 1736 1158 P.
1762 1122 1907 1158 Martin

197 1186 289 1222 data
316 1185 361 1220 21
386 1185 474 1230 julii
498 1184 613 1225 1894,
639 1194 678 1219 11.
708 1183 771 1218 42.
810 1183 913 1218 Licet
941 1184 1109 1219 vendere
1139 1193 1200 1218 res
1229 1183 1340 1228 parvi
1369 1184 1556 1219 momenti
1582 1183 1728 1228 quibus
1757 1182 1908 1218 alumni

198 1245 277 1281 tere
300 1244 358 1280 uti
385 1244 532 1285 solent;
557 1246 596 1278 at
620 1243 840 1278 curandum
863 1246 905 1277 ut
927 1253 995 1288 per
1016 1243 1136 1277 alium
1167 1239 1223 1282 (v.
1249 1254 1285 1285 g.
1313 1240 1607 1290 convictorem),
1634 1243 1796 1278 minime
1820 1252 1910 1277 vero

198 1315 265 1350 per
292 1304 475 1339 Nostrum
496 1303 535 1338 id
565 1303 645 1339 tiat.
670 1305 707 1337 et
736 1305 861 1337 totum
890 1302 1042 1337 lucrum
1067 1303 1321 1346 impendatur
1344 1303 1385 1336 in
1408 1312 1469 1337 res
1497 1302 1670 1337 alumnis
1693 1302 1905 1347 proficuas.

199 1374 267 1399 nec
287 1364 367 1409 jam
390 1373 459 1409 pro
481 1362 669 1408 pensione
691 1361 844 1396 debitas
865 1359 923 1408 (n.
946 1359 1027 1410 42).

252 1426 300 1459 De
318 1422 488 1470 pecunia
519 1421 758 1457 collocanda.
783 1421 832 1456 ef.
858 1421 979 1456 litter.
1004 1421 1044 1456 P.
1066 1421 1193 1456 Beckx
1215 1422 1265 1456 ad
1286 1421 1398 1456 Prov.
1424 1422 1547 1467 Lugd.
1577 1421 1621 1457 19
1646 1424 1762 1457 mart.
1794 1420 1906 1456 1858.

197 1479 491 1532 (Montrouzier‚
509 1484 559 1518 De
579 1481 726 1522 Instic„
749 1481 811 1523 vt,
835 1491 868 1515 c.
887 1491 995 1523 xmv,
1016 1478 1073 1529 6.)
1098 1481 1150 1515 Ex
1172 1481 1317 1525 quibus
1337 1492 1343 1515 :
1374 1481 1406 1515 1ο
1422 1481 1526 1516 Licet
1547 1491 1689 1517 census
1711 1491 1840 1516 emere
1859 1481 1909 1516 ad

198 1543 370 1578 fructum
392 1541 611 1588 legitimum
638 1550 685 1575 ex
710 1540 881 1585 propriis
906 1540 1083 1585 pecuniis
1108 1541 1419 1585 percipiendum,
1444 1551 1520 1575 non
1546 1551 1637 1576 vero
1663 1554 1676 1574 «
1702 1551 1746 1575 eo
1768 1541 1845 1576 tine
1867 1543 1910 1576 ut

199 1602 330 1638 carius
348 1604 483 1647 postea
502 1601 739 1636 vendantur.
761 1612 779 1633 »
797 1600 930 1643 Quoad
954 1599 1104 1642 titulos,
1123 1610 1290 1645 quorum
1311 1610 1467 1643 census,
1486 1601 1661 1636 incertus
1680 1611 1749 1646 pro
1771 1601 1909 1646 1naj0ri

197 1662 259 1698 vel
285 1661 428 1696 minori
455 1661 564 1696 lucro
591 1670 638 1695 ex
668 1670 741 1695 usu
770 1669 935 1694 summa}
961 1659 1143 1704 capitalis
1165 1662 1360 1704 percepto,
1386 1660 1489 1694 inter
1518 1660 1642 1695 socios
1672 1660 1909 1695 dividendus

198 1725 270 1764 est,
297 1734 311 1753 «
334 1721 463 1756 Nostri
485 1721 582 1755 bene
603 1720 811 1754 attendant
833 1729 1067 1764 responsum
1089 1729 1110 1754 a
1130 1719 1173 1754 R.
1193 1720 1232 1754 P.
1253 1720 1374 1754 Matio
1389 1720 1640 1755 Vitelleschio
1662 1720 1699 1755 d.
1724 1719 1768 1755 16
1789 1723 1905 1755 mart.

202 1781 317 1823 1624,
342 1781 382 1815 in
403 1781 485 1816 baec
506 1780 625 1815 verba
647 1780 782 1814 datum
805 1790 811 1813 :
837 1781 903 1815 Est
924 1778 1142 1825 neyottacto
1163 1779 1273 1814 nobis
1291 1779 1510 1826 prohibita,
1540 1779 1575 1815 si
1595 1778 1683 1826 quis
1703 1781 1779 1816 NN.
1808 1789 1909 1826 prce-

197 1845 269 1878 stet
300 1839 510 1876 mercatori
538 1838 751 1886 pecuniam
780 1838 833 1874 ad
862 1837 992 1874 abeam
1020 1837 1215 1874 incertam
1241 1842 1407 1885 qucestzts
1422 1843 1456 1874 et
1479 1839 1628 1874 damni.
1661 1851 1675 1872 »
1702 1839 1737 1873 2⁰
1760 1839 1910 1874 Census

199 1904 350 1947 emptos
372 1900 539 1936 vendere
569 1902 605 1934 et
632 1900 859 1944 permutare
887 1898 991 1941 licet,
1022 1898 1174 1933 ratione
1202 1899 1366 1943 periculi
1394 1902 1462 1933 aut
1490 1899 1624 1934 damni
1653 1899 1819 1945 vitandi,
1850 1899 1910 1934 vel

199 1962 298 1997 alios
320 1961 498 1996 utiliores
519 1969 589 1995 nec
608 1959 740 1994 minus
765 1968 923 1994 securos
945 1958 1196 2003 acquirendi3
1220 1958 1381 1993 minime
1402 1968 1493 1993 vero
1513 1969 1583 2004 pro
1601 1958 1784 1994 variabili
1806 1959 1910 2004 ipso-

200 2033 288 2057 rum
311 2021 455 2056 valore.
480 2020 535 2055 ita
558 2022 599 2054 ut
620 2019 706 2064 ipsa
728 2019 799 2053 hac
825 2018 1115 2064 permutatione
1142 2019 1296 2053 lucrum
1323 2021 1544 2063 quaeratur3
1575 2021 1610 2053 et
1633 2018 1757 2054 multo
1778 2018 1910 2053 minus

205 2095 220 2115 «
246 2081 527 2127 patrimonium
556 2079 655 2114 illud
683 2088 917 2124 pauperum,
948 2078 1048 2113 lucri
1074 2078 1217 2123 gratia,
1242 2078 1349 2113 velut
1377 2078 1503 2113 aleam
1530 2078 1721 2123 jaciendo,
1752 2078 1911 2113 incertae

200 2142 369 2177 iortunae
387 2140 644 2176 committere.
670 2151 685 2171 »
707 2138 804 2173 Hinc
825 2137 1061 2183 praeferendi
1080 2148 1222 2173 census
1240 2148 1262 2173 a
1281 2138 1415 2173 saeculi
1438 2138 1762 2173 fluctuationibus
1785 2138 1911 2184 magis

201 2201 353 2237 remoti.
377 2200 459 2235 Non
478 2200 583 2235 sinat
602 2201 732 2234 autem
752 2198 1010 2233 Provincialis
1032 2208 1053 2233 a
1072 2198 1329 2233 Procuratore
1350 2198 1565 2232 Provinciae
1580 2198 1911 2243 permutationem

200 2261 301 2303 fieri,
318 2261 397 2296 nisi
417 2262 575 2305 accepta
596 2259 645 2293 ab
667 2258 752 2303 ipso
771 2258 977 2301 facultate3
999 2268 1132 2303 quam,
1151 2261 1364 2302 antequam
1384 2258 1583 2300 concedat,
1606 2257 1673 2292 ubi
1692 2258 1739 2292 de
1757 2267 1912 2293 summa

201 2320 366 2357 notabili
397 2319 542 2365 agitur,
575 2317 711 2354 audiat
736 2317 806 2352 CC.
831 2320 882 2360 et,
915 2317 947 2352 si
979 2320 1133 2363 tempus
1164 2317 1328 2363 patitur,
1359 2317 1683 2362 approbationem
1714 2320 1911 2362 exspectet

202 2380 419 2417 Generalis.
455 2379 688 2414 Procurator
721 2387 811 2412 vero
842 2377 1057 2413 Provinciae
1089 2388 1168 2412 non
1199 2377 1314 2412 debet
1346 2380 1572 2422 permutare
1601 2387 1763 2412 censum
1791 2377 1909 2412 alicui

202 2440 336 2476 domui
366 2439 621 2485 applicatum,
653 2437 778 2472 inscio
808 2437 1008 2482 Superiori
1042 2437 1169 2480 locali,
1203 2437 1281 2472 nisi
1312 2437 1353 2472 in
1384 2446 1477 2472 casu
1508 2437 1688 2482 urgentis
1718 2436 1911 2482 inopinati

204 2500 366 2547 periculi
389 2498 454 2546 (9).
485 2498 528 2533 In
555 2497 699 2532 litteris
726 2507 817 2532 vero
848 2496 892 2531 15
920 2497 1078 2543 augusti
1106 2496 1221 2539 1861,
1252 2496 1567 2532 observationem
1594 2496 1714 2541 hujus
1742 2496 1910 2531 instruc-

204 2560 320 2596 tionis
341 2559 564 2595 inculcabat
586 2558 689 2592 idem
710 2557 751 2593 P.
772 2557 835 2603 N.7
858 2557 1008 2592 addens
1030 2569 1037 2592 2
1067 2570 1081 2590 «
1105 2557 1333 2602 Superiores
1356 2557 1427 2591 has
1449 2556 1602 2591 litteras
1624 2566 1909 2601 nonnunquam

202 2621 391 2666 relegant,
415 2622 451 2654 et
472 2617 670 2664 praecipua
689 2617 829 2652 saltem
849 2616 978 2662 capita
996 2627 1130 2652 earum
1153 2627 1284 2652 coram
1306 2617 1385 2651 Deo
1409 2616 1510 2651 serio
1534 2616 1775 2651 meditentur
1805 2629 1819 2648 »
1849 2616 1907 2661 (i).

204 2679 295 2724 Quae
322 2678 492 2714 inculcat
519 2677 564 2712 A.
592 2678 637 2711 R.
666 2677 705 2711 P.
736 2676 894 2719 Martia,
923 2676 965 2711 in
991 2676 1082 2712 Ord.
1114 2686 1185 2722 pro
1214 2676 1294 2711 reb.
1327 2679 1446 2721 temp.
1477 2675 1602 2718 citat,
1634 2685 1682 2710 ne
1713 2688 1727 2708 «
1759 2676 1807 2710 ob
1837 2675 1912 2710 fre-

204 2742 369 2785 quentes
388 2748 518 2774 rerum
538 2736 785 2782 publicarum
805 2736 1122 2781 perturbationes
1141 2747 1185 2771 ac
1204 2737 1371 2771 fortunae
1390 2735 1711 2774 inconstantiam,
1731 2737 1767 2770 et
1786 2735 1912 2780 magis

204 2799 331 2835 adhuc
353 2799 400 2834 ob
420 2801 553 2833 notam
575 2796 693 2841 hujus
715 2796 843 2830 fetatis
864 2796 1192 2836 temeritatem...‚
1215 2796 1354 2830 domus
1376 2797 1536 2837 nostrae,
1558 2795 1678 2829 immo
1699 2797 1736 2830 61
1755 2794 1913 2829 Provin-

206 2859 265 2894 cia
285 2869 328 2894 ac
350 2858 520 2893 Societas
542 2857 627 2902 ipsa
649 2855 847 2891 communi
867 2856 1144 2901 opprimantur
1166 2856 1296 2890 ruina.
1326 2868 1340 2887 »
1367 2855 1419 2902 (n.
1441 2854 1524 2899 40.)

266 2966 314 3013 40
342 2965 622 3010 Prohibetur
655 2978 712 3009 ne
751 2964 856 3023 quis
885 2965 1137 3022 pecuniam
1165 2963 1292 3022 apud
1320 2977 1364 3006 56
1393 2962 1586 3016 habea&
1619 2961 1740 3020 apud
1770 2962 1912 3008 alium

1963 1427 1997 1454 91

1968 2972 2003 3002 92
