<?xml version="1.0" encoding="UTF-8"?>
<!DOCTYPE html PUBLIC "-//W3C//DTD XHTML 1.0 Transitional//EN"
    "http://www.w3.org/TR/xhtml1/DTD/xhtml1-transitional.dtd">
<html xmlns="http://www.w3.org/1999/xhtml" xml:lang="en" lang="en">
 <head>
  <title>
</title>
<meta http-equiv="Content-Type" content="text/html;charset=utf-8" />
  <meta name='ocr-system' content='tesseract 3.04.00' />
  <meta name='ocr-capabilities' content='ocr_page ocr_carea ocr_par ocr_line ocrx_word'/>
</head>
<body>
  <div class='ocr_page' id='page_1' title='image "./compendiuminstit00rami_0251.png"; bbox 0 0 2145 3366; ppageno 0'>
   <div class='ocr_carea' id='block_1_1' title="bbox 765 200 1895 244">
    <p class='ocr_par' dir='ltr' id='par_1_1' title="bbox 765 200 1895 244">
     <span class='ocr_line' id='line_1_1' title="bbox 765 200 1895 244; baseline -0.009 -1"><span class='ocrx_word' id='word_1_1' title='bbox 765 215 1026 244; x_wconf 58' lang='grc' dir='ltr'>υι«ϊίι·.ι,κι.ι-ῑ.&lt;</span> <span class='ocrx_word' id='word_1_2' title='bbox 1059 213 1323 241; x_wconf 64' lang='lat' dir='ltr'>srvi-:monis</span> <span class='ocrx_word' id='word_1_3' title='bbox 1818 200 1895 238; x_wconf 68' lang='lat'>:245</span> 
     </span>
    </p>
   </div>
   <div class='ocr_carea' id='block_1_2' title="bbox 184 392 1895 740">
    <p class='ocr_par' dir='ltr' id='par_1_2' title="bbox 184 392 1895 740">
     <span class='ocr_line' id='line_1_2' title="bbox 186 392 1893 442; baseline -0.004 -8"><span class='ocrx_word' id='word_1_4' title='bbox 186 399 311 434; x_wconf 82' lang='lat' dir='ltr'>Etiam</span> <span class='ocrx_word' id='word_1_5' title='bbox 332 399 358 434; x_wconf 91' lang='lat' dir='ltr'>ii</span> <span class='ocrx_word' id='word_1_6' title='bbox 380 397 632 433; x_wconf 77' lang='lat' dir='ltr'>Consultores</span> <span class='ocrx_word' id='word_1_7' title='bbox 654 397 720 442; x_wconf 86' lang='lat' dir='ltr'>qui</span> <span class='ocrx_word' id='word_1_8' title='bbox 741 397 915 431; x_wconf 86' lang='lat' dir='ltr'>nondum</span> <span class='ocrx_word' id='word_1_9' title='bbox 951 399 1043 431; x_wconf 84' lang='lat' dir='ltr'>sunt</span> <span class='ocrx_word' id='word_1_10' title='bbox 1075 395 1296 430; x_wconf 72' lang='lat' dir='ltr'>confirmati</span> <span class='ocrx_word' id='word_1_11' title='bbox 1329 394 1500 430; x_wconf 87' lang='lat' dir='ltr'>scribere</span> <span class='ocrx_word' id='word_1_12' title='bbox 1530 394 1673 429; x_wconf 88' lang='lat' dir='ltr'>debent</span> <span class='ocrx_word' id='word_1_13' title='bbox 1692 392 1775 427; x_wconf 86' lang='lat' dir='ltr'>suis</span> <span class='ocrx_word' id='word_1_14' title='bbox 1798 395 1893 427; x_wconf 77' lang='lat' dir='ltr'>tem-</span> 
     </span>
     <span class='ocr_line' id='line_1_3' title="bbox 185 451 1891 506; baseline -0.005 -12"><span class='ocrx_word' id='word_1_15' title='bbox 185 458 348 505; x_wconf 88' lang='lat' dir='ltr'>poribus</span> <span class='ocrx_word' id='word_1_16' title='bbox 372 455 587 506; x_wconf 70' lang='grc'>((1.1584).</span> <span class='ocrx_word' id='word_1_17' title='bbox 621 457 691 500; x_wconf 81' lang='lat' dir='ltr'>Qui</span> <span class='ocrx_word' id='word_1_18' title='bbox 724 456 829 491; x_wconf 86' lang='lat' dir='ltr'>intra</span> <span class='ocrx_word' id='word_1_19' title='bbox 856 466 1005 491; x_wconf 89' lang='lat' dir='ltr'>annum</span> <span class='ocrx_word' id='word_1_20' title='bbox 1027 455 1150 491; x_wconf 90' lang='lat' dir='ltr'>eloco</span> <span class='ocrx_word' id='word_1_21' title='bbox 1173 455 1238 490; x_wconf 91' lang='lat' dir='ltr'>ubi</span> <span class='ocrx_word' id='word_1_22' title='bbox 1260 456 1373 490; x_wconf 87' lang='lat' dir='ltr'>erant</span> <span class='ocrx_word' id='word_1_23' title='bbox 1404 453 1656 489; x_wconf 84' lang='lat' dir='ltr'>Consultores</span> <span class='ocrx_word' id='word_1_24' title='bbox 1683 451 1891 493; x_wconf 75' lang='lat' dir='ltr'>excedunt,</span> 
     </span>
     <span class='ocr_line' id='line_1_4' title="bbox 184 510 1893 561; baseline -0.005 -8"><span class='ocrx_word' id='word_1_25' title='bbox 184 528 231 554; x_wconf 86' lang='lat' dir='ltr'>ex</span> <span class='ocrx_word' id='word_1_26' title='bbox 251 518 328 553; x_wconf 91' lang='lat' dir='ltr'>alio</span> <span class='ocrx_word' id='word_1_27' title='bbox 357 517 459 552; x_wconf 85' lang='lat' dir='ltr'>circa</span> <span class='ocrx_word' id='word_1_28' title='bbox 490 516 658 561; x_wconf 79' lang='lat' dir='ltr'>priorem</span> <span class='ocrx_word' id='word_1_29' title='bbox 692 516 866 552; x_wconf 84' lang='lat' dir='ltr'>domum.</span> <span class='ocrx_word' id='word_1_30' title='bbox 901 515 1016 550; x_wconf 88' lang='lat' dir='ltr'>statis</span> <span class='ocrx_word' id='word_1_31' title='bbox 1052 514 1309 559; x_wconf 81' lang='lat' dir='ltr'>temporibus,</span> <span class='ocrx_word' id='word_1_32' title='bbox 1343 513 1519 549; x_wconf 85' lang='lat' dir='ltr'><strong>scribant</strong></span> <span class='ocrx_word' id='word_1_33' title='bbox 1541 512 1593 557; x_wconf 85' lang='grc' dir='ltr'>((ι.</span> <span class='ocrx_word' id='word_1_34' title='bbox 1633 511 1764 559; x_wconf 72' lang='grc'>15391).</span> <span class='ocrx_word' id='word_1_35' title='bbox 1799 510 1893 546; x_wconf 91' lang='lat' dir='ltr'>Cum</span> 
     </span>
     <span class='ocr_line' id='line_1_5' title="bbox 185 570 1895 621; baseline -0.005 -9"><span class='ocrx_word' id='word_1_36' title='bbox 185 580 277 612; x_wconf 86' lang='lat' dir='ltr'>sunt</span> <span class='ocrx_word' id='word_1_37' title='bbox 307 576 423 612; x_wconf 89' lang='lat' dir='ltr'>iidem</span> <span class='ocrx_word' id='word_1_38' title='bbox 454 575 706 610; x_wconf 75' lang='lat' dir='ltr'>consultores</span> <span class='ocrx_word' id='word_1_39' title='bbox 739 574 897 621; x_wconf 84' lang='lat' dir='ltr'>Collegii</span> <span class='ocrx_word' id='word_1_40' title='bbox 919 577 955 609; x_wconf 85' lang='lat' dir='ltr'>et</span> <span class='ocrx_word' id='word_1_41' title='bbox 978 573 1215 615; x_wconf 64' lang='lat' dir='ltr'>Academiae,</span> <span class='ocrx_word' id='word_1_42' title='bbox 1250 571 1445 618; x_wconf 85' lang='lat' dir='ltr'>separatis</span> <span class='ocrx_word' id='word_1_43' title='bbox 1476 571 1622 607; x_wconf 85' lang='lat' dir='ltr'>litteris</span> <span class='ocrx_word' id='word_1_44' title='bbox 1652 570 1699 606; x_wconf 90' lang='lat' dir='ltr'>de</span> <span class='ocrx_word' id='word_1_45' title='bbox 1730 573 1895 615; x_wconf 78' lang='lat' dir='ltr'>utroque</span> 
     </span>
     <span class='ocr_line' id='line_1_6' title="bbox 185 630 1894 684; baseline -0.004 -12"><span class='ocrx_word' id='word_1_46' title='bbox 185 636 360 672; x_wconf 85' lang='lat' dir='ltr'>scribant</span> <span class='ocrx_word' id='word_1_47' title='bbox 382 633 438 684; x_wconf 84' lang='lat' dir='ltr'>(a.</span> <span class='ocrx_word' id='word_1_48' title='bbox 467 634 596 682; x_wconf 78' lang='grc'>1608).</span> <span class='ocrx_word' id='word_1_49' title='bbox 622 634 901 669; x_wconf 86' lang='lat' dir='ltr'>Consultorum</span> <span class='ocrx_word' id='word_1_50' title='bbox 932 643 1009 668; x_wconf 89' lang='lat' dir='ltr'>non</span> <span class='ocrx_word' id='word_1_51' title='bbox 1032 643 1144 669; x_wconf 91' lang='lat' dir='ltr'>secus</span> <span class='ocrx_word' id='word_1_52' title='bbox 1159 642 1204 668; x_wconf 91' lang='lat' dir='ltr'>ac</span> <span class='ocrx_word' id='word_1_53' title='bbox 1226 631 1496 668; x_wconf 87' lang='lat' dir='ltr'>Admonitoris</span> <span class='ocrx_word' id='word_1_54' title='bbox 1519 630 1680 666; x_wconf 88' lang='lat' dir='ltr'>nomina</span> <span class='ocrx_word' id='word_1_55' title='bbox 1701 630 1751 664; x_wconf 82' lang='lat' dir='ltr'>ad</span> <span class='ocrx_word' id='word_1_56' title='bbox 1773 631 1894 665; x_wconf 75' lang='lat' dir='ltr'>Gene-</span> 
     </span>
     <span class='ocr_line' id='line_1_7' title="bbox 189 688 1687 740; baseline -0.004 -9"><span class='ocrx_word' id='word_1_57' title='bbox 189 695 310 731; x_wconf 87' lang='lat' dir='ltr'>ralem</span> <span class='ocrx_word' id='word_1_58' title='bbox 331 694 522 730; x_wconf 85' lang='lat' dir='ltr'>mittenda</span> <span class='ocrx_word' id='word_1_59' title='bbox 545 697 638 729; x_wconf 80' lang='lat' dir='ltr'>sunt</span> <span class='ocrx_word' id='word_1_60' title='bbox 660 696 751 729; x_wconf 86' lang='lat' dir='ltr'>ante</span> <span class='ocrx_word' id='word_1_61' title='bbox 773 692 940 738; x_wconf 73' lang='lat' dir='ltr'>catalogi</span> <span class='ocrx_word' id='word_1_62' title='bbox 959 692 1258 738; x_wconf 77' lang='lat' dir='ltr'>impressionem</span> <span class='ocrx_word' id='word_1_63' title='bbox 1280 688 1335 740; x_wconf 76' lang='lat' dir='ltr'>(d.</span> <span class='ocrx_word' id='word_1_64' title='bbox 1362 691 1409 726; x_wconf 74' lang='lat'>12</span> <span class='ocrx_word' id='word_1_65' title='bbox 1431 701 1530 726; x_wconf 87' lang='lat' dir='ltr'>mar.</span> <span class='ocrx_word' id='word_1_66' title='bbox 1557 689 1687 735; x_wconf 82' lang='grc'>1849).</span> 
     </span>
    </p>
   </div>
   <div class='ocr_carea' id='block_1_3' title="bbox 248 834 1984 896">
    <p class='ocr_par' dir='ltr' id='par_1_3' title="bbox 248 834 1984 896">
     <span class='ocr_line' id='line_1_8' title="bbox 248 834 1984 896; baseline -0.003 -13"><span class='ocrx_word' id='word_1_67' title='bbox 248 840 320 884; x_wconf 70' lang='lat' dir='ltr'>lv.</span> <span class='ocrx_word' id='word_1_68' title='bbox 356 865 404 871; x_wconf 92' lang='lat'><strong>—</strong></span> <span class='ocrx_word' id='word_1_69' title='bbox 436 838 707 884; x_wconf 86' lang='lat' dir='ltr'>Admonitor</span> <span class='ocrx_word' id='word_1_70' title='bbox 736 853 760 882; x_wconf 86' lang='lat' dir='ltr'>a</span> <span class='ocrx_word' id='word_1_71' title='bbox 794 838 1069 882; x_wconf 76' lang='lat' dir='ltr'>Provinciali</span> <span class='ocrx_word' id='word_1_72' title='bbox 1101 838 1342 896; x_wconf 70' lang='lat' dir='ltr'>eligendus</span> <span class='ocrx_word' id='word_1_73' title='bbox 1371 842 1414 880; x_wconf 86' lang='lat' dir='ltr'>et</span> <span class='ocrx_word' id='word_1_74' title='bbox 1441 850 1465 880; x_wconf 89' lang='lat' dir='ltr'>a</span> <span class='ocrx_word' id='word_1_75' title='bbox 1487 835 1702 880; x_wconf 75' lang='lat' dir='ltr'>Generali</span> <span class='ocrx_word' id='word_1_76' title='bbox 1730 834 1897 879; x_wconf 84' lang='lat' dir='ltr'>confir·</span> <span class='ocrx_word' id='word_1_77' title='bbox 1933 846 1984 872; x_wconf 73' lang='lat'>277</span> 
     </span>
    </p>
   </div>
   <div class='ocr_carea' id='block_1_4' title="bbox 187 912 1898 1439">
    <p class='ocr_par' dir='ltr' id='par_1_4' title="bbox 187 912 1898 1439">
     <span class='ocr_line' id='line_1_9' title="bbox 189 912 1897 974; baseline -0.004 -13"><span class='ocrx_word' id='word_1_78' title='bbox 189 917 386 961; x_wconf 82' lang='lat' dir='ltr'>mandus</span> <span class='ocrx_word' id='word_1_79' title='bbox 422 916 498 974; x_wconf 83' lang='lat' dir='ltr'>(R.</span> <span class='ocrx_word' id='word_1_80' title='bbox 531 916 665 959; x_wconf 81' lang='lat' dir='ltr'>Prov.</span> <span class='ocrx_word' id='word_1_81' title='bbox 702 916 794 973; x_wconf 70' lang='lat'>25),</span> <span class='ocrx_word' id='word_1_82' title='bbox 834 916 1101 960; x_wconf 83' lang='lat' dir='ltr'>libertatem</span> <span class='ocrx_word' id='word_1_83' title='bbox 1140 920 1185 959; x_wconf 88' lang='lat' dir='ltr'>et</span> <span class='ocrx_word' id='word_1_84' title='bbox 1220 914 1491 958; x_wconf 83' lang='lat' dir='ltr'>fidelitatem</span> <span class='ocrx_word' id='word_1_85' title='bbox 1528 927 1632 957; x_wconf 86' lang='lat' dir='ltr'>cum</span> <span class='ocrx_word' id='word_1_86' title='bbox 1671 912 1897 956; x_wconf 82' lang='lat' dir='ltr'>modestia</span> 
     </span>
     <span class='ocr_line' id='line_1_10' title="bbox 187 989 1897 1051; baseline -0.004 -14"><span class='ocrx_word' id='word_1_87' title='bbox 187 999 233 1037; x_wconf 88' lang='lat' dir='ltr'>et</span> <span class='ocrx_word' id='word_1_88' title='bbox 274 993 534 1036; x_wconf 76' lang='lat' dir='ltr'>reverentia</span> <span class='ocrx_word' id='word_1_89' title='bbox 574 994 859 1051; x_wconf 73' lang='lat' dir='ltr'>conjungere</span> <span class='ocrx_word' id='word_1_90' title='bbox 904 992 1061 1036; x_wconf 82' lang='lat' dir='ltr'>debet.</span> <span class='ocrx_word' id='word_1_91' title='bbox 1106 991 1405 1049; x_wconf 74' lang='lat' dir='ltr'>Superiorem</span> <span class='ocrx_word' id='word_1_92' title='bbox 1443 990 1713 1034; x_wconf 76' lang='lat' dir='ltr'>admonebit</span> <span class='ocrx_word' id='word_1_93' title='bbox 1749 989 1806 1032; x_wconf 89' lang='lat' dir='ltr'>de</span> <span class='ocrx_word' id='word_1_94' title='bbox 1842 990 1897 1032; x_wconf 83' lang='lat' dir='ltr'>iis</span> 
     </span>
     <span class='ocr_line' id='line_1_11' title="bbox 188 1067 1898 1129; baseline -0.002 -15"><span class='ocrx_word' id='word_1_95' title='bbox 188 1085 291 1129; x_wconf 67' lang='lat' dir='ltr'>quae</span> <span class='ocrx_word' id='word_1_96' title='bbox 330 1072 478 1128; x_wconf 84' lang='lat' dir='ltr'>major</span> <span class='ocrx_word' id='word_1_97' title='bbox 513 1084 620 1128; x_wconf 86' lang='lat' dir='ltr'>pars</span> <span class='ocrx_word' id='word_1_98' title='bbox 659 1070 994 1114; x_wconf 82' lang='lat' dir='ltr'>Consultorum</span> <span class='ocrx_word' id='word_1_99' title='bbox 1033 1070 1333 1127; x_wconf 68' lang='lat' dir='ltr'>judicaveritss,</span> <span class='ocrx_word' id='word_1_100' title='bbox 1376 1069 1431 1112; x_wconf 88' lang='lat' dir='ltr'>de</span> <span class='ocrx_word' id='word_1_101' title='bbox 1469 1067 1585 1118; x_wconf 64' lang='lat' dir='ltr'>aliis„</span> <span class='ocrx_word' id='word_1_102' title='bbox 1625 1068 1663 1111; x_wconf 82' lang='lat' dir='ltr'>si</span> <span class='ocrx_word' id='word_1_103' title='bbox 1700 1067 1761 1117; x_wconf 73' lang='lat' dir='ltr'>id,</span> <span class='ocrx_word' id='word_1_104' title='bbox 1798 1080 1898 1110; x_wconf 85' lang='lat' dir='ltr'>ora—</span> 
     </span>
     <span class='ocr_line' id='line_1_12' title="bbox 188 1145 1897 1205; baseline -0.003 -13"><span class='ocrx_word' id='word_1_105' title='bbox 188 1149 311 1192; x_wconf 87' lang='lat' dir='ltr'>tione</span> <span class='ocrx_word' id='word_1_106' title='bbox 341 1149 581 1205; x_wconf 67' lang='lat' dir='ltr'>praemissa</span> <span class='ocrx_word' id='word_1_107' title='bbox 612 1148 832 1204; x_wconf 80' lang='lat' dir='ltr'>expedire</span> <span class='ocrx_word' id='word_1_108' title='bbox 872 1147 1098 1197; x_wconf 70' lang='lat' dir='ltr'>censebit,</span> <span class='ocrx_word' id='word_1_109' title='bbox 1133 1160 1304 1203; x_wconf 83' lang='lat' dir='ltr'>nempe</span> <span class='ocrx_word' id='word_1_110' title='bbox 1332 1147 1369 1189; x_wconf 88' lang='lat' dir='ltr'>si</span> <span class='ocrx_word' id='word_1_111' title='bbox 1401 1159 1495 1189; x_wconf 91' lang='lat' dir='ltr'>non</span> <span class='ocrx_word' id='word_1_112' title='bbox 1523 1146 1634 1189; x_wconf 80' lang='lat' dir='ltr'>levis</span> <span class='ocrx_word' id='word_1_113' title='bbox 1673 1145 1897 1188; x_wconf 84' lang='lat' dir='ltr'>momenti</span> 
     </span>
     <span class='ocr_line' id='line_1_13' title="bbox 187 1222 1898 1283; baseline -0.002 -14"><span class='ocrx_word' id='word_1_114' title='bbox 187 1226 295 1275; x_wconf 73' lang='lat' dir='ltr'>sint,</span> <span class='ocrx_word' id='word_1_115' title='bbox 330 1226 475 1269; x_wconf 87' lang='lat' dir='ltr'>semel</span> <span class='ocrx_word' id='word_1_116' title='bbox 506 1231 586 1269; x_wconf 87' lang='lat' dir='ltr'>aut</span> <span class='ocrx_word' id='word_1_117' title='bbox 614 1226 812 1283; x_wconf 65' lang='lat' dir='ltr'>saepius3</span> <span class='ocrx_word' id='word_1_118' title='bbox 838 1225 917 1268; x_wconf 86' lang='lat' dir='ltr'>sed</span> <span class='ocrx_word' id='word_1_119' title='bbox 950 1225 1051 1268; x_wconf 69' lang='lat' dir='ltr'>lisec</span> <span class='ocrx_word' id='word_1_120' title='bbox 1083 1238 1177 1267; x_wconf 90' lang='lat' dir='ltr'>non</span> <span class='ocrx_word' id='word_1_121' title='bbox 1205 1224 1402 1282; x_wconf 77' lang='lat' dir='ltr'>evulget.</span> <span class='ocrx_word' id='word_1_122' title='bbox 1430 1222 1626 1267; x_wconf 76' lang='lat' dir='ltr'>Litteras</span> <span class='ocrx_word' id='word_1_123' title='bbox 1654 1222 1898 1266; x_wconf 86' lang='lat' dir='ltr'>Consulto-</span> 
     </span>
     <span class='ocr_line' id='line_1_14' title="bbox 187 1299 1898 1360; baseline -0.002 -14"><span class='ocrx_word' id='word_1_124' title='bbox 187 1317 294 1346; x_wconf 92' lang='lat' dir='ltr'>rum</span> <span class='ocrx_word' id='word_1_125' title='bbox 318 1303 472 1347; x_wconf 86' lang='lat' dir='ltr'>mittat</span> <span class='ocrx_word' id='word_1_126' title='bbox 493 1308 538 1347; x_wconf 88' lang='lat' dir='ltr'>et</span> <span class='ocrx_word' id='word_1_127' title='bbox 558 1302 760 1346; x_wconf 86' lang='lat' dir='ltr'>aliorum</span> <span class='ocrx_word' id='word_1_128' title='bbox 784 1302 840 1346; x_wconf 85' lang='lat' dir='ltr'>ad</span> <span class='ocrx_word' id='word_1_129' title='bbox 866 1302 1138 1360; x_wconf 73' lang='lat' dir='ltr'>Superiores</span> <span class='ocrx_word' id='word_1_130' title='bbox 1160 1301 1412 1360; x_wconf 61' lang='lat' dir='ltr'>olisignet¹.</span> <span class='ocrx_word' id='word_1_131' title='bbox 1437 1300 1569 1358; x_wconf 63' lang='lat' dir='ltr'>(Cst.t</span> <span class='ocrx_word' id='word_1_132' title='bbox 1596 1300 1672 1351; x_wconf 73' lang='lat' dir='ltr'>IX,</span> <span class='ocrx_word' id='word_1_133' title='bbox 1696 1313 1754 1351; x_wconf 58' lang='lat' dir='ltr'>lv3</span> <span class='ocrx_word' id='word_1_134' title='bbox 1776 1299 1818 1343; x_wconf 76' lang='lat'>4.</span> <span class='ocrx_word' id='word_1_135' title='bbox 1841 1326 1898 1330; x_wconf 78' lang='lat'>-—</span> 
     </span>
     <span class='ocr_line' id='line_1_15' title="bbox 187 1380 493 1439; baseline -0.003 -15"><span class='ocrx_word' id='word_1_136' title='bbox 187 1380 301 1439; x_wconf 81' lang='lat' dir='ltr'>Reg.</span> <span class='ocrx_word' id='word_1_137' title='bbox 329 1380 493 1437; x_wconf 84' lang='lat' dir='ltr'>Adm.)</span> 
     </span>
    </p>
   </div>
   <div class='ocr_carea' id='block_1_5' title="bbox 183 1518 1903 2464">
    <p class='ocr_par' dir='ltr' id='par_1_5' title="bbox 183 1518 1903 2464">
     <span class='ocr_line' id='line_1_16' title="bbox 239 1518 1897 1556; baseline -0.002 0"><span class='ocrx_word' id='word_1_138' title='bbox 239 1518 250 1545; x_wconf 87' lang='lat'><strong>1</strong></span> <span class='ocrx_word' id='word_1_139' title='bbox 273 1520 356 1556; x_wconf 81' lang='lat' dir='ltr'>Non</span> <span class='ocrx_word' id='word_1_140' title='bbox 383 1523 514 1556; x_wconf 87' lang='lat' dir='ltr'>tamen</span> <span class='ocrx_word' id='word_1_141' title='bbox 543 1530 703 1556; x_wconf 90' lang='lat' dir='ltr'>necesse</span> <span class='ocrx_word' id='word_1_142' title='bbox 723 1523 781 1556; x_wconf 87' lang='lat' dir='ltr'>est</span> <span class='ocrx_word' id='word_1_143' title='bbox 803 1523 846 1556; x_wconf 85' lang='lat' dir='ltr'>ut</span> <span class='ocrx_word' id='word_1_144' title='bbox 868 1519 1060 1555; x_wconf 89' lang='lat' dir='ltr'>scrinium</span> <span class='ocrx_word' id='word_1_145' title='bbox 1084 1519 1264 1554; x_wconf 82' lang='lat' dir='ltr'>clausum</span> <span class='ocrx_word' id='word_1_146' title='bbox 1285 1518 1427 1554; x_wconf 87' lang='lat' dir='ltr'>habeat</span> <span class='ocrx_word' id='word_1_147' title='bbox 1444 1528 1515 1554; x_wconf 87' lang='lat' dir='ltr'>nec</span> <span class='ocrx_word' id='word_1_148' title='bbox 1539 1518 1765 1553; x_wconf 83' lang='lat' dir='ltr'>cubiculum</span> <span class='ocrx_word' id='word_1_149' title='bbox 1786 1518 1897 1553; x_wconf 88' lang='lat' dir='ltr'>ohse-</span> 
     </span>
     <span class='ocr_line' id='line_1_17' title="bbox 183 1577 1895 1629; baseline -0.002 -14"><span class='ocrx_word' id='word_1_150' title='bbox 183 1583 314 1617; x_wconf 86' lang='lat' dir='ltr'>ratum</span> <span class='ocrx_word' id='word_1_151' title='bbox 344 1580 399 1627; x_wconf 83' lang='lat' dir='ltr'>(a.</span> <span class='ocrx_word' id='word_1_152' title='bbox 430 1580 543 1623; x_wconf 77' lang='lat'>1595,</span> <span class='ocrx_word' id='word_1_153' title='bbox 573 1580 686 1623; x_wconf 79' lang='grc'>1620,</span> <span class='ocrx_word' id='word_1_154' title='bbox 717 1580 848 1629; x_wconf 83' lang='grc'>1634).</span> <span class='ocrx_word' id='word_1_155' title='bbox 879 1599 925 1604; x_wconf 86' lang='grc'>-</span> <span class='ocrx_word' id='word_1_156' title='bbox 952 1579 1084 1625; x_wconf 85' lang='lat' dir='ltr'>Neque</span> <span class='ocrx_word' id='word_1_157' title='bbox 1101 1579 1168 1614; x_wconf 91' lang='lat' dir='ltr'>alii</span> <span class='ocrx_word' id='word_1_158' title='bbox 1190 1578 1275 1624; x_wconf 84' lang='lat' dir='ltr'>ejus</span> <span class='ocrx_word' id='word_1_159' title='bbox 1293 1578 1519 1614; x_wconf 83' lang='lat' dir='ltr'>cubiculum</span> <span class='ocrx_word' id='word_1_160' title='bbox 1542 1577 1695 1623; x_wconf 79' lang='lat' dir='ltr'>ingredi</span> <span class='ocrx_word' id='word_1_161' title='bbox 1714 1580 1895 1623; x_wconf 80' lang='lat' dir='ltr'>possunt,</span> 
     </span>
     <span class='ocr_line' id='line_1_18' title="bbox 184 1635 1899 1687; baseline -0.003 -11"><span class='ocrx_word' id='word_1_162' title='bbox 184 1640 263 1676; x_wconf 90' lang='lat' dir='ltr'>nisi</span> <span class='ocrx_word' id='word_1_163' title='bbox 296 1641 345 1676; x_wconf 89' lang='lat' dir='ltr'>sit</span> <span class='ocrx_word' id='word_1_164' title='bbox 376 1640 494 1675; x_wconf 91' lang='lat' dir='ltr'>simul</span> <span class='ocrx_word' id='word_1_165' title='bbox 534 1640 745 1675; x_wconf 71' lang='lat' dir='ltr'>Praefectus</span> <span class='ocrx_word' id='word_1_166' title='bbox 786 1638 1008 1685; x_wconf 84' lang='lat' dir='ltr'>spiritualis</span> <span class='ocrx_word' id='word_1_167' title='bbox 1038 1635 1095 1687; x_wconf 75' lang='lat' dir='ltr'>(a.</span> <span class='ocrx_word' id='word_1_168' title='bbox 1132 1638 1267 1683; x_wconf 87' lang='grc'>1617).</span> <span class='ocrx_word' id='word_1_169' title='bbox 1305 1638 1385 1672; x_wconf 92' lang='lat' dir='ltr'>Imo</span> <span class='ocrx_word' id='word_1_170' title='bbox 1413 1649 1428 1670; x_wconf 75' lang='grc' dir='ltr'>ι(</span> <span class='ocrx_word' id='word_1_171' title='bbox 1452 1637 1594 1673; x_wconf 68' lang='lat' dir='ltr'>litterae</span> <span class='ocrx_word' id='word_1_172' title='bbox 1628 1636 1899 1673; x_wconf 88' lang='lat' dir='ltr'>Admonitoris</span> 
     </span>
     <span class='ocr_line' id='line_1_19' title="bbox 183 1697 1899 1746; baseline -0.002 -11"><span class='ocrx_word' id='word_1_173' title='bbox 183 1700 440 1736; x_wconf 88' lang='lat' dir='ltr'>Provincialis</span> <span class='ocrx_word' id='word_1_174' title='bbox 455 1700 600 1746; x_wconf 87' lang='lat' dir='ltr'>aperiri</span> <span class='ocrx_word' id='word_1_175' title='bbox 616 1702 783 1745; x_wconf 85' lang='lat' dir='ltr'>possunt</span> <span class='ocrx_word' id='word_1_176' title='bbox 799 1709 821 1734; x_wconf 90' lang='lat' dir='ltr'>a</span> <span class='ocrx_word' id='word_1_177' title='bbox 837 1698 1047 1745; x_wconf 86' lang='lat' dir='ltr'>Superiore</span> <span class='ocrx_word' id='word_1_178' title='bbox 1063 1698 1151 1734; x_wconf 87' lang='lat' dir='ltr'>loci.</span> <span class='ocrx_word' id='word_1_179' title='bbox 1170 1698 1289 1743; x_wconf 88' lang='lat' dir='ltr'>idque</span> <span class='ocrx_word' id='word_1_180' title='bbox 1304 1707 1345 1733; x_wconf 92' lang='lat' dir='ltr'>re</span> <span class='ocrx_word' id='word_1_181' title='bbox 1364 1698 1461 1732; x_wconf 87' lang='lat' dir='ltr'>bene</span> <span class='ocrx_word' id='word_1_182' title='bbox 1481 1707 1688 1743; x_wconf 86' lang='lat' dir='ltr'>perpensa,</span> <span class='ocrx_word' id='word_1_183' title='bbox 1710 1697 1759 1732; x_wconf 90' lang='lat' dir='ltr'>ad</span> <span class='ocrx_word' id='word_1_184' title='bbox 1775 1697 1899 1732; x_wconf 87' lang='lat' dir='ltr'>bonas</span> 
     </span>
     <span class='ocr_line' id='line_1_20' title="bbox 185 1756 1900 1807; baseline -0.002 -12"><span class='ocrx_word' id='word_1_185' title='bbox 185 1759 358 1795; x_wconf 87' lang='lat' dir='ltr'>rationes</span> <span class='ocrx_word' id='word_1_186' title='bbox 379 1762 574 1795; x_wconf 85' lang='lat' dir='ltr'>statutum</span> <span class='ocrx_word' id='word_1_187' title='bbox 589 1762 648 1795; x_wconf 86' lang='lat' dir='ltr'>est</span> <span class='ocrx_word' id='word_1_188' title='bbox 674 1771 688 1792; x_wconf 65' lang='grc' dir='ltr'><strong>η</strong></span> <span class='ocrx_word' id='word_1_189' title='bbox 720 1756 776 1807; x_wconf 81' lang='lat' dir='ltr'>(a.</span> <span class='ocrx_word' id='word_1_190' title='bbox 807 1758 922 1801; x_wconf 81' lang='lat'>1590,</span> <span class='ocrx_word' id='word_1_191' title='bbox 950 1758 1082 1803; x_wconf 80' lang='grc'>1591).</span> <span class='ocrx_word' id='word_1_192' title='bbox 1108 1758 1249 1802; x_wconf 83' lang='lat' dir='ltr'>Excipe</span> <span class='ocrx_word' id='word_1_193' title='bbox 1271 1757 1303 1792; x_wconf 95' lang='lat' dir='ltr'>si</span> <span class='ocrx_word' id='word_1_194' title='bbox 1325 1757 1428 1792; x_wconf 91' lang='lat' dir='ltr'>idem</span> <span class='ocrx_word' id='word_1_195' title='bbox 1443 1757 1493 1792; x_wconf 86' lang='lat' dir='ltr'>sit</span> <span class='ocrx_word' id='word_1_196' title='bbox 1515 1757 1747 1792; x_wconf 89' lang='lat' dir='ltr'>Admonitor</span> <span class='ocrx_word' id='word_1_197' title='bbox 1759 1756 1825 1802; x_wconf 91' lang='lat' dir='ltr'>qui</span> <span class='ocrx_word' id='word_1_198' title='bbox 1841 1759 1900 1792; x_wconf 87' lang='lat' dir='ltr'>est</span> 
     </span>
     <span class='ocr_line' id='line_1_21' title="bbox 186 1816 1900 1863; baseline -0.002 -8"><span class='ocrx_word' id='word_1_199' title='bbox 186 1818 336 1855; x_wconf 90' lang='lat' dir='ltr'>Socius.</span> <span class='ocrx_word' id='word_1_200' title='bbox 360 1819 443 1854; x_wconf 85' lang='lat' dir='ltr'>Non</span> <span class='ocrx_word' id='word_1_201' title='bbox 462 1819 576 1854; x_wconf 87' lang='lat' dir='ltr'>debet</span> <span class='ocrx_word' id='word_1_202' title='bbox 605 1818 840 1854; x_wconf 83' lang='lat' dir='ltr'>Admonitor</span> <span class='ocrx_word' id='word_1_203' title='bbox 861 1827 1078 1853; x_wconf 83' lang='lat' dir='ltr'>convocare</span> <span class='ocrx_word' id='word_1_204' title='bbox 1096 1817 1350 1852; x_wconf 85' lang='lat' dir='ltr'>Consultores</span> <span class='ocrx_word' id='word_1_205' title='bbox 1368 1817 1418 1852; x_wconf 89' lang='lat' dir='ltr'>ad</span> <span class='ocrx_word' id='word_1_206' title='bbox 1440 1817 1636 1863; x_wconf 85' lang='lat' dir='ltr'>agendum</span> <span class='ocrx_word' id='word_1_207' title='bbox 1662 1816 1709 1852; x_wconf 88' lang='lat' dir='ltr'>de</span> <span class='ocrx_word' id='word_1_208' title='bbox 1732 1816 1794 1851; x_wconf 90' lang='lat' dir='ltr'>his</span> <span class='ocrx_word' id='word_1_209' title='bbox 1813 1826 1900 1861; x_wconf 63' lang='lat' dir='ltr'>quil?</span> 
     </span>
     <span class='ocr_line' id='line_1_22' title="bbox 187 1876 1897 1923; baseline -0.003 -8"><span class='ocrx_word' id='word_1_210' title='bbox 187 1879 381 1915; x_wconf 87' lang='lat' dir='ltr'>monenda</span> <span class='ocrx_word' id='word_1_211' title='bbox 400 1879 600 1922; x_wconf 85' lang='lat' dir='ltr'>videntur,</span> <span class='ocrx_word' id='word_1_212' title='bbox 624 1878 698 1914; x_wconf 90' lang='lat' dir='ltr'>etsi</span> <span class='ocrx_word' id='word_1_213' title='bbox 732 1878 905 1923; x_wconf 85' lang='lat' dir='ltr'>aliquem</span> <span class='ocrx_word' id='word_1_214' title='bbox 934 1887 982 1913; x_wconf 85' lang='lat' dir='ltr'>ex</span> <span class='ocrx_word' id='word_1_215' title='bbox 1009 1877 1072 1920; x_wconf 84' lang='lat' dir='ltr'>iis,</span> <span class='ocrx_word' id='word_1_216' title='bbox 1096 1877 1147 1912; x_wconf 88' lang='lat' dir='ltr'>ad</span> <span class='ocrx_word' id='word_1_217' title='bbox 1177 1887 1290 1912; x_wconf 91' lang='lat' dir='ltr'>suam</span> <span class='ocrx_word' id='word_1_218' title='bbox 1319 1877 1600 1912; x_wconf 86' lang='lat' dir='ltr'>conscientiam</span> <span class='ocrx_word' id='word_1_219' title='bbox 1635 1876 1897 1917; x_wconf 76' lang='lat' dir='ltr'>formandam,</span> 
     </span>
     <span class='ocr_line' id='line_1_23' title="bbox 186 1935 1900 1986; baseline -0.002 -12"><span class='ocrx_word' id='word_1_220' title='bbox 186 1939 390 1975; x_wconf 89' lang='lat' dir='ltr'>consulere</span> <span class='ocrx_word' id='word_1_221' title='bbox 405 1938 529 1985; x_wconf 88' lang='lat' dir='ltr'>possit</span> <span class='ocrx_word' id='word_1_222' title='bbox 545 1935 601 1986; x_wconf 79' lang='lat' dir='ltr'>(a.</span> <span class='ocrx_word' id='word_1_223' title='bbox 630 1938 761 1983; x_wconf 77' lang='lat'>1584).</span> <span class='ocrx_word' id='word_1_224' title='bbox 778 1937 817 1974; x_wconf 91' lang='lat' dir='ltr'>Si</span> <span class='ocrx_word' id='word_1_225' title='bbox 831 1948 934 1973; x_wconf 91' lang='lat' dir='ltr'>unus</span> <span class='ocrx_word' id='word_1_226' title='bbox 949 1937 1158 1973; x_wconf 87' lang='lat' dir='ltr'>Consultor</span> <span class='ocrx_word' id='word_1_227' title='bbox 1173 1947 1193 1972; x_wconf 92' lang='lat' dir='ltr'>e</span> <span class='ocrx_word' id='word_1_228' title='bbox 1209 1937 1364 1972; x_wconf 88' lang='lat' dir='ltr'>duobus</span> <span class='ocrx_word' id='word_1_229' title='bbox 1382 1936 1533 1982; x_wconf 87' lang='lat' dir='ltr'>aliquid</span> <span class='ocrx_word' id='word_1_230' title='bbox 1545 1935 1794 1971; x_wconf 80' lang='lat' dir='ltr'>Admonitori</span> <span class='ocrx_word' id='word_1_231' title='bbox 1810 1945 1900 1981; x_wconf 80' lang='lat' dir='ltr'>sug-</span> 
     </span>
     <span class='ocr_line' id='line_1_24' title="bbox 187 1996 1901 2044; baseline -0.002 -10"><span class='ocrx_word' id='word_1_232' title='bbox 187 1999 323 2044; x_wconf 78' lang='lat' dir='ltr'>gessit,</span> <span class='ocrx_word' id='word_1_233' title='bbox 338 1999 372 2034; x_wconf 87' lang='lat' dir='ltr'>is</span> <span class='ocrx_word' id='word_1_234' title='bbox 392 2009 471 2034; x_wconf 92' lang='lat' dir='ltr'>non</span> <span class='ocrx_word' id='word_1_235' title='bbox 492 2000 649 2034; x_wconf 85' lang='lat' dir='ltr'>tenetur</span> <span class='ocrx_word' id='word_1_236' title='bbox 669 1998 707 2033; x_wconf 91' lang='lat' dir='ltr'>vi</span> <span class='ocrx_word' id='word_1_237' title='bbox 728 1998 874 2044; x_wconf 62' lang='lat' dir='ltr'>regula}</span> <span class='ocrx_word' id='word_1_238' title='bbox 890 2007 1048 2033; x_wconf 90' lang='lat' dir='ltr'>monere</span> <span class='ocrx_word' id='word_1_239' title='bbox 1066 2009 1073 2039; x_wconf 85' lang='lat'><em>;</em></span> <span class='ocrx_word' id='word_1_240' title='bbox 1098 1999 1226 2042; x_wconf 86' lang='lat' dir='ltr'>potest</span> <span class='ocrx_word' id='word_1_241' title='bbox 1247 2000 1393 2038; x_wconf 87' lang='lat' dir='ltr'>tamen,</span> <span class='ocrx_word' id='word_1_242' title='bbox 1409 2006 1450 2031; x_wconf 92' lang='lat' dir='ltr'>re</span> <span class='ocrx_word' id='word_1_243' title='bbox 1470 2006 1601 2031; x_wconf 92' lang='lat' dir='ltr'>coram</span> <span class='ocrx_word' id='word_1_244' title='bbox 1619 1996 1696 2031; x_wconf 68' lang='lat' dir='ltr'>Deo</span> <span class='ocrx_word' id='word_1_245' title='bbox 1709 2005 1901 2041; x_wconf 87' lang='lat' dir='ltr'>perpensa</span> 
     </span>
     <span class='ocr_line' id='line_1_25' title="bbox 188 2055 1902 2107; baseline -0.003 -13"><span class='ocrx_word' id='word_1_246' title='bbox 188 2055 243 2107; x_wconf 84' lang='lat' dir='ltr'>(a.</span> <span class='ocrx_word' id='word_1_247' title='bbox 273 2058 404 2107; x_wconf 86' lang='lat'>1643).</span> <span class='ocrx_word' id='word_1_248' title='bbox 432 2070 447 2091; x_wconf 94' lang='lat'>«</span> <span class='ocrx_word' id='word_1_249' title='bbox 473 2057 598 2103; x_wconf 85' lang='lat' dir='ltr'>Major</span> <span class='ocrx_word' id='word_1_250' title='bbox 621 2067 714 2104; x_wconf 87' lang='lat' dir='ltr'>pars</span> <span class='ocrx_word' id='word_1_251' title='bbox 740 2058 788 2093; x_wconf 90' lang='lat' dir='ltr'>de</span> <span class='ocrx_word' id='word_1_252' title='bbox 808 2068 886 2102; x_wconf 82' lang='lat' dir='ltr'>qua</span> <span class='ocrx_word' id='word_1_253' title='bbox 914 2057 1059 2093; x_wconf 88' lang='lat' dir='ltr'>dicitur</span> <span class='ocrx_word' id='word_1_254' title='bbox 1089 2066 1170 2103; x_wconf 85' lang='lat' dir='ltr'>reg.</span> <span class='ocrx_word' id='word_1_255' title='bbox 1196 2056 1233 2099; x_wconf 87' lang='lat'>3,</span> <span class='ocrx_word' id='word_1_256' title='bbox 1270 2056 1386 2098; x_wconf 88' lang='lat' dir='ltr'>Adm,</span> <span class='ocrx_word' id='word_1_257' title='bbox 1420 2056 1474 2091; x_wconf 85' lang='lat' dir='ltr'>ita</span> <span class='ocrx_word' id='word_1_258' title='bbox 1508 2055 1755 2091; x_wconf 86' lang='lat' dir='ltr'>numeranda</span> <span class='ocrx_word' id='word_1_259' title='bbox 1785 2058 1827 2090; x_wconf 90' lang='lat' dir='ltr'>ut</span> <span class='ocrx_word' id='word_1_260' title='bbox 1854 2064 1902 2089; x_wconf 91' lang='lat' dir='ltr'>ne</span> 
     </span>
     <span class='ocr_line' id='line_1_26' title="bbox 188 2115 1901 2163; baseline -0.002 -9"><span class='ocrx_word' id='word_1_261' title='bbox 188 2117 422 2154; x_wconf 88' lang='lat' dir='ltr'>Admonitor</span> <span class='ocrx_word' id='word_1_262' title='bbox 443 2128 484 2153; x_wconf 88' lang='lat' dir='ltr'>se</span> <span class='ocrx_word' id='word_1_263' title='bbox 505 2117 636 2163; x_wconf 87' lang='lat' dir='ltr'>ipsum</span> <span class='ocrx_word' id='word_1_264' title='bbox 657 2117 819 2160; x_wconf 87' lang='lat' dir='ltr'>eximat,</span> <span class='ocrx_word' id='word_1_265' title='bbox 844 2117 877 2152; x_wconf 88' lang='lat' dir='ltr'>si</span> <span class='ocrx_word' id='word_1_266' title='bbox 897 2116 982 2162; x_wconf 89' lang='lat' dir='ltr'>ipse</span> <span class='ocrx_word' id='word_1_267' title='bbox 1002 2116 1120 2152; x_wconf 89' lang='lat' dir='ltr'>etiam</span> <span class='ocrx_word' id='word_1_268' title='bbox 1142 2116 1193 2151; x_wconf 89' lang='lat' dir='ltr'>sit</span> <span class='ocrx_word' id='word_1_269' title='bbox 1220 2115 1430 2151; x_wconf 87' lang='lat' dir='ltr'>Consultor</span> <span class='ocrx_word' id='word_1_270' title='bbox 1455 2129 1470 2148; x_wconf 90' lang='lat'>»</span> <span class='ocrx_word' id='word_1_271' title='bbox 1492 2115 1545 2161; x_wconf 80' lang='grc' dir='ltr'>(α.</span> <span class='ocrx_word' id='word_1_272' title='bbox 1576 2115 1703 2160; x_wconf 82' lang='grc'>1643).</span> <span class='ocrx_word' id='word_1_273' title='bbox 1737 2115 1901 2150; x_wconf 84' lang='lat' dir='ltr'>Ordina-</span> 
     </span>
     <span class='ocr_line' id='line_1_27' title="bbox 187 2174 1900 2225; baseline -0.002 -11"><span class='ocrx_word' id='word_1_274' title='bbox 187 2177 340 2214; x_wconf 84' lang='lat' dir='ltr'>tionum</span> <span class='ocrx_word' id='word_1_275' title='bbox 355 2178 555 2223; x_wconf 80' lang='lat' dir='ltr'>exemplar</span> <span class='ocrx_word' id='word_1_276' title='bbox 572 2177 714 2212; x_wconf 86' lang='lat' dir='ltr'>habeat</span> <span class='ocrx_word' id='word_1_277' title='bbox 733 2174 789 2225; x_wconf 72' lang='lat' dir='ltr'>(a.</span> <span class='ocrx_word' id='word_1_278' title='bbox 819 2176 946 2222; x_wconf 86' lang='grc'>1648).</span> <span class='ocrx_word' id='word_1_279' title='bbox 973 2177 1016 2212; x_wconf 92' lang='lat' dir='ltr'>In</span> <span class='ocrx_word' id='word_1_280' title='bbox 1035 2176 1084 2212; x_wconf 93' lang='lat' dir='ltr'>iis</span> <span class='ocrx_word' id='word_1_281' title='bbox 1105 2186 1191 2221; x_wconf 59' lang='lat' dir='ltr'>qua*</span> <span class='ocrx_word' id='word_1_282' title='bbox 1225 2175 1448 2221; x_wconf 84' lang='lat' dir='ltr'>Superioris</span> <span class='ocrx_word' id='word_1_283' title='bbox 1477 2185 1684 2221; x_wconf 83' lang='lat' dir='ltr'>personam</span> <span class='ocrx_word' id='word_1_284' title='bbox 1707 2178 1900 2220; x_wconf 84' lang='lat' dir='ltr'>spectant,</span> 
     </span>
     <span class='ocr_line' id='line_1_28' title="bbox 187 2234 1902 2278; baseline -0.001 -6"><span class='ocrx_word' id='word_1_285' title='bbox 187 2237 422 2274; x_wconf 89' lang='lat' dir='ltr'>Admonitor</span> <span class='ocrx_word' id='word_1_286' title='bbox 451 2247 530 2273; x_wconf 90' lang='lat' dir='ltr'>non</span> <span class='ocrx_word' id='word_1_287' title='bbox 559 2237 674 2272; x_wconf 83' lang='lat' dir='ltr'>debet</span> <span class='ocrx_word' id='word_1_288' title='bbox 699 2236 928 2272; x_wconf 90' lang='lat' dir='ltr'>monitionis</span> <span class='ocrx_word' id='word_1_289' title='bbox 962 2238 1163 2271; x_wconf 81' lang='lat' dir='ltr'>auctorem</span> <span class='ocrx_word' id='word_1_290' title='bbox 1193 2236 1472 2278; x_wconf 77' lang='lat' dir='ltr'>manifestare;</span> <span class='ocrx_word' id='word_1_291' title='bbox 1506 2235 1547 2269; x_wconf 88' lang='lat' dir='ltr'>in</span> <span class='ocrx_word' id='word_1_292' title='bbox 1569 2234 1720 2270; x_wconf 67' lang='lat' dir='ltr'>caeteris</span> <span class='ocrx_word' id='word_1_293' title='bbox 1750 2244 1840 2270; x_wconf 87' lang='lat' dir='ltr'>raro</span> <span class='ocrx_word' id='word_1_294' title='bbox 1865 2238 1902 2271; x_wconf 86' lang='lat' dir='ltr'>ct</span> 
     </span>
     <span class='ocr_line' id='line_1_29' title="bbox 187 2294 1903 2343; baseline -0.002 -10"><span class='ocrx_word' id='word_1_295' title='bbox 187 2298 294 2343; x_wconf 84' lang='lat' dir='ltr'>J&#39;usta</span> <span class='ocrx_word' id='word_1_296' title='bbox 323 2297 371 2332; x_wconf 87' lang='lat' dir='ltr'>de</span> <span class='ocrx_word' id='word_1_297' title='bbox 400 2306 542 2339; x_wconf 87' lang='lat' dir='ltr'>causa;</span> <span class='ocrx_word' id='word_1_298' title='bbox 580 2307 651 2332; x_wconf 90' lang='lat' dir='ltr'>nec</span> <span class='ocrx_word' id='word_1_299' title='bbox 681 2306 770 2331; x_wconf 88' lang='lat' dir='ltr'>eum</span> <span class='ocrx_word' id='word_1_300' title='bbox 801 2296 850 2331; x_wconf 86' lang='lat' dir='ltr'>ad</span> <span class='ocrx_word' id='word_1_301' title='bbox 880 2295 981 2331; x_wconf 90' lang='lat' dir='ltr'>hanc</span> <span class='ocrx_word' id='word_1_302' title='bbox 1009 2295 1369 2330; x_wconf 75' lang='lat' dir='ltr'>manifestationem</span> <span class='ocrx_word' id='word_1_303' title='bbox 1401 2294 1586 2340; x_wconf 88' lang='lat' dir='ltr'>Superior</span> <span class='ocrx_word' id='word_1_304' title='bbox 1618 2304 1756 2339; x_wconf 83' lang='lat' dir='ltr'>urgere</span> <span class='ocrx_word' id='word_1_305' title='bbox 1789 2294 1903 2330; x_wconf 87' lang='lat' dir='ltr'>debet</span> 
     </span>
     <span class='ocr_line' id='line_1_30' title="bbox 187 2354 1902 2404; baseline -0.002 -12"><span class='ocrx_word' id='word_1_306' title='bbox 187 2354 240 2404; x_wconf 81' lang='lat' dir='ltr'>(b.</span> <span class='ocrx_word' id='word_1_307' title='bbox 265 2357 329 2402; x_wconf 81' lang='lat'>††‚</span> <span class='ocrx_word' id='word_1_308' title='bbox 358 2355 485 2402; x_wconf 75' lang='grc'>1584).</span> <span class='ocrx_word' id='word_1_309' title='bbox 511 2356 654 2392; x_wconf 88' lang='lat' dir='ltr'>lterum</span> <span class='ocrx_word' id='word_1_310' title='bbox 676 2355 974 2390; x_wconf 80' lang='lat' dir='ltr'>commendatur</span> <span class='ocrx_word' id='word_1_311' title='bbox 996 2365 1044 2390; x_wconf 88' lang='lat' dir='ltr'>ne</span> <span class='ocrx_word' id='word_1_312' title='bbox 1065 2355 1256 2400; x_wconf 84' lang='lat' dir='ltr'>prodatur</span> <span class='ocrx_word' id='word_1_313' title='bbox 1276 2354 1310 2389; x_wconf 91' lang='lat' dir='ltr'>is</span> <span class='ocrx_word' id='word_1_314' title='bbox 1328 2354 1395 2399; x_wconf 88' lang='lat' dir='ltr'>qui</span> <span class='ocrx_word' id='word_1_315' title='bbox 1425 2354 1680 2389; x_wconf 90' lang='lat' dir='ltr'>monitionem</span> <span class='ocrx_word' id='word_1_316' title='bbox 1705 2354 1902 2400; x_wconf 82' lang='lat' dir='ltr'>suggessit</span> 
     </span>
     <span class='ocr_line' id='line_1_31' title="bbox 191 2414 404 2464; baseline -0.005 -12"><span class='ocrx_word' id='word_1_317' title='bbox 191 2417 243 2462; x_wconf 81' lang='lat' dir='ltr'>(a.</span> <span class='ocrx_word' id='word_1_318' title='bbox 271 2414 404 2464; x_wconf 75' lang='lat'>1603).</span> 
     </span>
    </p>
   </div>
   <div class='ocr_carea' id='block_1_6' title="bbox 258 2554 1973 2613">
    <p class='ocr_par' dir='ltr' id='par_1_6' title="bbox 258 2554 1973 2613">
     <span class='ocr_line' id='line_1_32' title="bbox 258 2554 1973 2613; baseline -0.003 -13"><span class='ocrx_word' id='word_1_319' title='bbox 258 2557 310 2601; x_wconf 85' lang='lat' dir='ltr'>V.</span> <span class='ocrx_word' id='word_1_320' title='bbox 342 2556 629 2602; x_wconf 88' lang='lat' dir='ltr'>Collateralis</span> <span class='ocrx_word' id='word_1_321' title='bbox 658 2560 739 2601; x_wconf 86' lang='lat' dir='ltr'>aut</span> <span class='ocrx_word' id='word_1_322' title='bbox 761 2555 1162 2613; x_wconf 86' lang='lat' dir='ltr'>Superintendens</span> <span class='ocrx_word' id='word_1_323' title='bbox 1186 2556 1315 2613; x_wconf 80' lang='lat' dir='ltr'>juxta</span> <span class='ocrx_word' id='word_1_324' title='bbox 1343 2555 1730 2606; x_wconf 75' lang='lat' dir='ltr'>Constitutiones‚</span> <span class='ocrx_word' id='word_1_325' title='bbox 1761 2554 1903 2612; x_wconf 84' lang='lat' dir='ltr'>Supe-</span> <span class='ocrx_word' id='word_1_326' title='bbox 1939 2570 1973 2595; x_wconf 80' lang='lat'>·..7</span> 
     </span>
    </p>
   </div>
   <div class='ocr_carea' id='block_1_7' title="bbox 193 2633 1903 3002">
    <p class='ocr_par' dir='ltr' id='par_1_7' title="bbox 193 2633 1903 3002">
     <span class='ocr_line' id='line_1_33' title="bbox 194 2633 1901 2692; baseline -0.001 -15"><span class='ocrx_word' id='word_1_327' title='bbox 194 2635 305 2678; x_wconf 89' lang='lat' dir='ltr'>riori</span> <span class='ocrx_word' id='word_1_328' title='bbox 338 2634 528 2692; x_wconf 77' lang='lat' dir='ltr'>adjungi</span> <span class='ocrx_word' id='word_1_329' title='bbox 564 2638 733 2691; x_wconf 64' lang='lat' dir='ltr'>potest,</span> <span class='ocrx_word' id='word_1_330' title='bbox 777 2633 855 2691; x_wconf 86' lang='lat' dir='ltr'>qui</span> <span class='ocrx_word' id='word_1_331' title='bbox 896 2647 1003 2676; x_wconf 91' lang='lat' dir='ltr'>eum</span> <span class='ocrx_word' id='word_1_332' title='bbox 1040 2634 1087 2676; x_wconf 93' lang='lat' dir='ltr'>in</span> <span class='ocrx_word' id='word_1_333' title='bbox 1121 2633 1340 2676; x_wconf 85' lang='lat' dir='ltr'>omnibus</span> <span class='ocrx_word' id='word_1_334' title='bbox 1378 2634 1508 2689; x_wconf 77' lang='lat' dir='ltr'>J&#39;uvet</span> <span class='ocrx_word' id='word_1_335' title='bbox 1524 2633 1549 2683; x_wconf 60' lang='lat'>¹„</span> <span class='ocrx_word' id='word_1_336' title='bbox 1591 2633 1901 2676; x_wconf 77' lang='lat' dir='ltr'>reverentiam</span> 
     </span>
     <span class='ocr_line' id='line_1_34' title="bbox 193 2710 1903 2770; baseline -0.001 -15"><span class='ocrx_word' id='word_1_337' title='bbox 193 2725 300 2770; x_wconf 80' lang='lat' dir='ltr'>erga</span> <span class='ocrx_word' id='word_1_338' title='bbox 321 2726 431 2755; x_wconf 88' lang='lat' dir='ltr'>eum</span> <span class='ocrx_word' id='word_1_339' title='bbox 453 2716 619 2761; x_wconf 69' lang='lat' dir='ltr'>servet,</span> <span class='ocrx_word' id='word_1_340' title='bbox 645 2716 690 2755; x_wconf 87' lang='lat' dir='ltr'>et</span> <span class='ocrx_word' id='word_1_341' title='bbox 711 2711 753 2753; x_wconf 87' lang='lat' dir='ltr'>ei</span> <span class='ocrx_word' id='word_1_342' title='bbox 776 2711 993 2754; x_wconf 79' lang='lat' dir='ltr'>conciliet</span> <span class='ocrx_word' id='word_1_343' title='bbox 1017 2711 1144 2755; x_wconf 76' lang='lat' dir='ltr'>velut</span> <span class='ocrx_word' id='word_1_344' title='bbox 1163 2710 1373 2768; x_wconf 74' lang='lat' dir='ltr'>Angelus</span> <span class='ocrx_word' id='word_1_345' title='bbox 1395 2711 1536 2767; x_wconf 69' lang='lat' dir='ltr'>pacis,</span> <span class='ocrx_word' id='word_1_346' title='bbox 1562 2711 1770 2767; x_wconf 82' lang='lat' dir='ltr'>quamvis</span> <span class='ocrx_word' id='word_1_347' title='bbox 1802 2711 1839 2768; x_wconf 84' lang='lat' dir='ltr'>ej</span> <span class='ocrx_word' id='word_1_348' title='bbox 1851 2725 1903 2754; x_wconf 77' lang='lat' dir='ltr'>us</span> 
     </span>
     <span class='ocr_line' id='line_1_35' title="bbox 193 2787 1903 2845; baseline -0.001 -13"><span class='ocrx_word' id='word_1_349' title='bbox 193 2789 457 2833; x_wconf 79' lang='lat' dir='ltr'>auctoritati</span> <span class='ocrx_word' id='word_1_350' title='bbox 484 2802 577 2831; x_wconf 92' lang='lat' dir='ltr'>non</span> <span class='ocrx_word' id='word_1_351' title='bbox 599 2788 811 2832; x_wconf 84' lang='lat' dir='ltr'>subditus</span> <span class='ocrx_word' id='word_1_352' title='bbox 833 2788 906 2832; x_wconf 88' lang='lat' dir='ltr'>sit.</span> <span class='ocrx_word' id='word_1_353' title='bbox 928 2815 984 2819; x_wconf 93' lang='lat'><strong>—</strong></span> <span class='ocrx_word' id='word_1_354' title='bbox 1008 2788 1127 2832; x_wconf 89' lang='lat' dir='ltr'>Eum</span> <span class='ocrx_word' id='word_1_355' title='bbox 1157 2788 1378 2845; x_wconf 82' lang='lat' dir='ltr'>Superior</span> <span class='ocrx_word' id='word_1_356' title='bbox 1406 2801 1572 2845; x_wconf 78' lang='lat' dir='ltr'>magno</span> <span class='ocrx_word' id='word_1_357' title='bbox 1595 2802 1704 2831; x_wconf 88' lang='lat' dir='ltr'>cum</span> <span class='ocrx_word' id='word_1_358' title='bbox 1725 2787 1903 2831; x_wconf 87' lang='lat' dir='ltr'>honore</span> 
     </span>
     <span class='ocr_line' id='line_1_36' title="bbox 195 2864 1903 2924; baseline -0.002 -13"><span class='ocrx_word' id='word_1_359' title='bbox 195 2872 393 2911; x_wconf 82' lang='lat' dir='ltr'>tractare</span> <span class='ocrx_word' id='word_1_360' title='bbox 405 2867 559 2910; x_wconf 85' lang='lat' dir='ltr'>debet.</span> <span class='ocrx_word' id='word_1_361' title='bbox 575 2866 709 2924; x_wconf 69' lang='lat' dir='ltr'>(Cst.‚</span> <span class='ocrx_word' id='word_1_362' title='bbox 726 2865 800 2916; x_wconf 47' lang='lat' dir='ltr'>1V2</span> <span class='ocrx_word' id='word_1_363' title='bbox 820 2879 933 2916; x_wconf 76' lang='lat' dir='ltr'>xvn,</span> <span class='ocrx_word' id='word_1_364' title='bbox 948 2866 990 2917; x_wconf 75' lang='lat'>7,</span> <span class='ocrx_word' id='word_1_365' title='bbox 1010 2866 1066 2921; x_wconf 78' lang='lat' dir='ltr'>B:</span> <span class='ocrx_word' id='word_1_366' title='bbox 1085 2865 1274 2915; x_wconf 81' lang='lat' dir='ltr'>—VIIL</span> <span class='ocrx_word' id='word_1_367' title='bbox 1290 2865 1333 2916; x_wconf 73' lang='lat' dir='ltr'>l,</span> <span class='ocrx_word' id='word_1_368' title='bbox 1352 2865 1394 2915; x_wconf 48' lang='lat'>32</span> <span class='ocrx_word' id='word_1_369' title='bbox 1413 2864 1492 2922; x_wconf 91' lang='lat' dir='ltr'>D.)</span> <span class='ocrx_word' id='word_1_370' title='bbox 1507 2864 1594 2908; x_wconf 83' lang='lat' dir='ltr'>Sed</span> <span class='ocrx_word' id='word_1_371' title='bbox 1618 2865 1707 2908; x_wconf 89' lang='lat' dir='ltr'>hoc</span> <span class='ocrx_word' id='word_1_372' title='bbox 1730 2880 1903 2909; x_wconf 80' lang='lat' dir='ltr'>munus</span> 
     </span>
     <span class='ocr_line' id='line_1_37' title="bbox 196 2942 1827 3002; baseline -0.001 -14"><span class='ocrx_word' id='word_1_373' title='bbox 196 2944 385 2988; x_wconf 87' lang='lat' dir='ltr'>nonnisi</span> <span class='ocrx_word' id='word_1_374' title='bbox 412 2944 459 2988; x_wconf 89' lang='lat' dir='ltr'>in</span> <span class='ocrx_word' id='word_1_375' title='bbox 489 2957 597 2987; x_wconf 83' lang='lat' dir='ltr'>casu</span> <span class='ocrx_word' id='word_1_376' title='bbox 620 2944 911 2990; x_wconf 86' lang='lat' dir='ltr'>necessitatis</span> <span class='ocrx_word' id='word_1_377' title='bbox 930 2943 1310 2988; x_wconf 76' lang='lat' dir='ltr'>constituemlum</span> <span class='ocrx_word' id='word_1_378' title='bbox 1341 2948 1424 2986; x_wconf 88' lang='lat' dir='ltr'>est.</span> <span class='ocrx_word' id='word_1_379' title='bbox 1448 2942 1515 2998; x_wconf 80' lang='lat' dir='ltr'>(C.</span> <span class='ocrx_word' id='word_1_380' title='bbox 1542 2943 1616 2994; x_wconf 63' lang='lat' dir='ltr'>G-&gt;</span> <span class='ocrx_word' id='word_1_381' title='bbox 1643 2942 1699 2994; x_wconf 82' lang='lat' dir='ltr'>IL</span> <span class='ocrx_word' id='word_1_382' title='bbox 1729 2942 1827 3002; x_wconf 79' lang='lat'>86.)</span> 
     </span>
    </p>
   </div>
  </div>
 </body>
</html>
