2145 3366
2 596 19 626 nl

665 231 982 259 ‹ttmaiin-:c-A‘iwo
1016 231 1332 259 rnovixcmms
1775 225 1853 262 2255)

202 406 249 449 :2⁰
277 405 548 448 Visitatores
576 404 866 448 Provinciam
892 410 997 449 actu
1023 405 1262 449 visitantes
1285 405 1543 449 dummodo
1573 406 1852 450 demortuus

142 482 201 526 sit
227 481 484 536 (freneralis,
510 486 554 525 et
579 482 853 526 Visitatores
882 482 1206 539 antiquitatem
1234 482 1539 540 professionis
1566 488 1664 527 tum
1687 484 1735 527 in
1764 484 1852 527 hac

145 565 242 603 tum
269 560 313 602 in
341 574 423 603 sua
444 558 687 603 Provincia
715 559 920 604 habeant
941 574 950 615 3
974 560 1011 603 si
1036 559 1200 603 malint
1220 559 1403 617 ingredi
1427 561 1493 617 (et
1515 560 1707 618 quidem
1732 561 1851 605 intra

144 638 414 692 numerum)
449 637 497 679 in
530 650 615 680 sua
655 636 915 691 Provincia,
953 637 1064 681 satis
1099 637 1188 681 erit
1225 642 1277 680 ut
1308 637 1582 695 antiquitate
1618 638 1855 695 gaudeant

143 714 318 759 ibidem
347 714 523 771 (Form.
547 714 596 758 C.
623 715 719 767 Pr.,
750 728 790 758 c.
823 728 873 770 11,
899 729 943 757 n.
969 715 1042 770 <l);

201 792 249 835 3⁰
275 791 479 835 Profe-ssi
517 806 573 834 ex
610 792 711 835 aliis
760 792 1032 847 Provinciis,
1081 792 1359 849 (dummodo
1407 806 1505 837 sua]
1544 793 1854 851 professionis

143 869 307 913 ordine
336 882 430 912 non
469 869 813 924 excludantur),
852 870 930 928 qui
969 870 1078 913 huic
1107 870 1365 915 Provinciae
1402 871 1498 915 sive
1521 885 1546 914 a
1568 871 1617 914 P.
1648 871 1726 927 N„
1757 871 1852 916 sive

143 961 198 990 ex
215 951 376 990 mutuo
396 946 760 990 Provincialium
777 960 1029 1003 consensu,
1049 953 1153 1005 post
1173 948 1397 992 indictam
1413 948 1849 1007 Congregationem,

142 1023 360 1082 applicati
388 1023 589 1075 fuerint3
621 1038 729 1068 nam
753 1024 790 1068 si
812 1030 946 1068 antea
973 1024 1191 1082 applicati
1219 1025 1423 1081 fuerant,
1450 1026 1572 1070 intra
1598 1040 1854 1071 numerum

142 1101 486 1159 ingrediuntur.
528 1100 791 1146 Censentur
823 1101 1043 1160 applicati
1074 1116 1193 1161 quos
1220 1103 1271 1147 P.
1305 1103 1363 1148 N.
1398 1104 1564 1148 litteris
1594 1104 1712 1149 datis
1749 1110 1855 1149 ante

144 1179 270 1223 diem
303 1179 490 1223 indictae
518 1178 918 1237 Congregationis,
952 1180 1022 1223 vel
1052 1193 1287 1238 expresse,
1321 1182 1389 1224 vel
1418 1195 1591 1226 munus
1626 1182 1692 1226 eis
1727 1197 1856 1227 com-

144 1256 374 1301 mittendo
407 1257 529 1301 intra
566 1257 860 1301 Provinciam
885 1257 999 1315 (quo
1027 1257 1259 1313 absoluto,
1297 1264 1448 1303 cessat
1485 1260 1733 1318 applicatio
1774 1261 1855 1305 ubi

145 1335 297 1392 agitur
315 1335 372 1378 de
399 1349 597 1379 munere
621 1335 746 1392 quod
769 1349 823 1378 ex
841 1335 945 1393 jure
974 1341 1055 1380 aut
1081 1337 1425 1380 consuetudine
1451 1338 1710 1382 terminum
1733 1352 1854 1396 prae-

144 1412 288 1456 fixum
319 1411 506 1470 hal)et);
538 1412 626 1467 vel,
662 1418 824 1456 mutuo
857 1427 1115 1470 consensu,
1146 1414 1475 1470 Provinciales,
1500 1415 1557 1459 ad
1592 1421 1778 1474 tempus
1812 1422 1858 1461 et

143 1489 265 1534 intra
296 1490 533 1547 Europam
567 1489 909 1547 applicuerint³
938 1489 1006 1548 (C.
1045 1490 1119 1546 G.,
1151 1491 1254 1547 VII,
1286 1492 1360 1548 59,
1400 1492 1473 1536 60.
1499 1519 1556 1524 —-
1592 1493 1773 1549 IX„33.
1799 1520 1856 1526 —-

143 1566 313 1622 XVIII,
343 1566 442 1622 ‘17);

202 1644 250 1688 4⁴0
284 1644 548 1700 Revisores,
598 1644 849 1689 Substituti
892 1644 1155 1702 Secretarii,
1205 1646 1548 1691 Poenitentiarii
1599 1648 1763 1694 Romae
1812 1655 1858 1694 et

144 1722 331 1766 Laureti
369 1722 407 1765 si
435 1722 530 1765 sint
565 1722 785 1778 Professi,
826 1728 871 1766 et
907 1736 1072 1766 omnes
1109 1723 1313 1767 Professi
1351 1724 1570 1782 applicati
1592 1726 1853 1771 Provinciae

145 1799 369 1844 Romanae
396 1799 833 1858 Congregationem,
872 1814 980 1844 cum
1012 1806 1214 1859 utroque
1236 1801 1476 1860 suffragio,
1507 1802 1562 1847 ad
1587 1803 1853 1864 Congrega-

143 1878 319 1922 tionem
343 1877 706 1922 Procuratorum
729 1876 797 1936 (C.
833 1878 907 1935 G„
932 1877 1009 1935 VI,
1043 1879 1137 1935 25),
1175 1885 1219 1923 et
1253 1894 1360 1923 cum
1388 1880 1536 1924 activo
1572 1886 1754 1926 tantum
1795 1883 1852 1927 ad

144 1955 561 2013 Congregationem
583 1955 852 2014 generalem
881 1958 1011 2013 (nam
1034 1956 1269 2013 passivum
1297 1957 1345 2000 in
1368 1972 1454 2002 sua
1471 1958 1714 2003 Provincia
1742 1965 1855 2005 tunc

144 2033 353 2088 hahent).
382 2033 451 2090 (C.
491 2034 565 2090 G„
601 2033 726 2088 VIII,
755 2034 829 2077 57.
864 2060 921 2065 —
953 2033 1102 2090 XXII,
1128 2035 1225 2090 22.)
1258 2034 1545 2081 Secretarius
1589 2036 1848 2095 Societatis,

145 2110 327 2154 etiamsi
357 2111 687 2169 antiquitatem
723 2111 1037 2156 Professionis
1071 2126 1165 2156 non
1203 2113 1388 2168 habeat,
1432 2113 1853 2173 Congregationem

144 2188 406 2232 Romanam
449 2203 555 2232 cum
597 2188 819 2245 suffragio
862 2190 1008 2233 activo
1046 2190 1309 2247 ingreditur
1348 2191 1416 2247 (C.
1455 2192 1528 2248 G„
1570 2192 1646 2249 IV,
1689 2193 1763 2238 11.
1799 2220 1857 2226 -

143 2266 220 2322 VI,
250 2266 322 2310 25.
356 2292 414 2297 —
442 2266 611 2321 XVIII,
642 2265 735 2325 14),
770 2267 1007 2324 passivum
1035 2281 1143 2311 vero
1180 2267 1322 2311 hahet
1350 2268 1398 2311 in
1429 2283 1512 2313 sua
1542 2269 1785 2315 Provincia
1817 2272 1854 2316 si

144 2343 296 2401 agitur
313 2343 369 2387 de
391 2343 617 2401 eligendis
642 2343 923 2389 electoribus
944 2345 1001 2388 ad
1030 2345 1079 2389 C.
1105 2346 1158 2390 G.
1184 2345 1253 2402 (C.
1286 2346 1361 2402 G„
1385 2346 1507 2401 XIV,
1533 2346 1630 2403 16.)

205 2420 307 2473 Quo
331 2421 437 2479 jure
456 2421 673 2465 nonnulli
692 2421 913 2477 Professi,
937 2422 1076 2466 variis
1098 2422 1146 2465 in
1174 2423 1422 2481 adjunctiS,
1452 2424 1779 2482 ingrediantur
1807 2426 1853 2469 in

146 2498 313 2557 Congr.
345 2498 604 2543 Provinciae
638 2499 862 2544 Romanae
894 2499 1016 2543 intra
1048 2505 1127 2544 aut
1158 2514 1298 2558 supra
1327 2514 1583 2555 numerum
1612 2502 1670 2545 cf.
1702 2502 1750 2546 C.
1778 2504 1852 2560 G„

147 2575 312 2633 XXIV,
347 2575 416 2620 13.

205 2654 254 2698 50
274 2653 478 2698 Professi
507 2655 587 2712 qui
618 2655 665 2698 in
697 2655 850 2712 aliqua
879 2655 1138 2712 Provincia,
1172 2670 1266 2700 non
1294 2670 1488 2700 suorum
1527 2657 1608 2701 sed
1641 2671 1856 2703 commu-

148 2733 279 2777 nium
318 2733 614 2791 negotiorum
654 2746 808 2789 causa,
853 2739 1115 2791 versantur,
1166 2748 1252 2778 nec
1295 2734 1342 2777 in
1386 2734 1577 2791 propria
1613 2735 1857 2781 Provincia

148 2811 506 2869 Congregationi
540 2811 768 2855 interesse
802 2816 1056 2868 potuerunt
1090 2817 1169 2856 aut
1208 2817 1421 2869 possunt,
1465 2811 1503 2855 si
1543 2812 1856 2859 Professionis

148 2888 488 2947 antiquitatem,
524 2893 625 2933 tum
656 2888 703 2931 in
740 2888 840 2945 hac,
873 2894 971 2933 tum
1002 2890 1049 2933 in
1072 2903 1155 2933 sua
1177 2889 1420 2933 Provincia
1454 2888 1646 2934 habent.
1678 2892 1747 2947 (C.
1779 2894 1853 2947 G„

149 2966 249 3019 VII,
279 2966 351 3017 57,
378 2966 450 3018 67,
481 2966 554 3022 (58,
588 2966 660 3010 69.
700 2991 756 2996 -
796 2966 921 3021 VIII,
958 2966 1055 3024 53.)
1090 2967 1155 3010 De
1196 2966 1597 3011 commorantilnis
1629 2968 1676 3012 in
1706 2969 1857 3016 aliena
