<?xml version="1.0" encoding="UTF-8"?>
<!DOCTYPE html PUBLIC "-//W3C//DTD XHTML 1.0 Transitional//EN"
    "http://www.w3.org/TR/xhtml1/DTD/xhtml1-transitional.dtd">
<html xmlns="http://www.w3.org/1999/xhtml" xml:lang="en" lang="en">
 <head>
  <title>
</title>
<meta http-equiv="Content-Type" content="text/html;charset=utf-8" />
  <meta name='ocr-system' content='tesseract 3.04.00' />
  <meta name='ocr-capabilities' content='ocr_page ocr_carea ocr_par ocr_line ocrx_word'/>
</head>
<body>
  <div class='ocr_page' id='page_1' title='image "./compendiuminstit00rami_0121.png"; bbox 0 0 2145 3366; ppageno 0'>
   <div class='ocr_carea' id='block_1_1' title="bbox 684 301 1943 345">
    <p class='ocr_par' dir='ltr' id='par_1_1' title="bbox 684 301 1943 345">
     <span class='ocr_line' id='line_1_1' title="bbox 684 301 1943 345; baseline -0.004 -2"><span class='ocrx_word' id='word_1_1' title='bbox 684 315 946 345; x_wconf 66' lang='lat' dir='ltr'><strong>1’At&#39;1³1⁴11t&#39;1&#39;.xs</strong></span> <span class='ocrx_word' id='word_1_2' title='bbox 979 315 1238 343; x_wconf 55' lang='lat' dir='ltr'>SOt‘llE&#39;l‘A&#39;l‘IS</span> <span class='ocrx_word' id='word_1_3' title='bbox 1272 314 1506 343; x_wconf 49' lang='lat' dir='ltr'>lutoFlcssi:</span> <span class='ocrx_word' id='word_1_4' title='bbox 1872 301 1943 339; x_wconf 66' lang='lat'><strong>115</strong></span> 
     </span>
    </p>
   </div>
   <div class='ocr_carea' id='block_1_2' title="bbox 240 494 1963 2475">
    <p class='ocr_par' dir='ltr' id='par_1_2' title="bbox 240 494 1949 1079">
     <span class='ocr_line' id='line_1_2' title="bbox 241 494 1945 542; baseline -0.001 -10"><span class='ocrx_word' id='word_1_5' title='bbox 241 497 402 533; x_wconf 89' lang='lat' dir='ltr'>colonus</span> <span class='ocrx_word' id='word_1_6' title='bbox 432 495 609 542; x_wconf 80' lang='lat' dir='ltr'>accipiet,</span> <span class='ocrx_word' id='word_1_7' title='bbox 641 505 719 532; x_wconf 90' lang='lat' dir='ltr'>non</span> <span class='ocrx_word' id='word_1_8' title='bbox 747 496 870 541; x_wconf 84' lang='lat' dir='ltr'>possit</span> <span class='ocrx_word' id='word_1_9' title='bbox 902 495 1082 541; x_wconf 88' lang='lat' dir='ltr'>deputari</span> <span class='ocrx_word' id='word_1_10' title='bbox 1106 495 1145 531; x_wconf 90' lang='lat' dir='ltr'>in</span> <span class='ocrx_word' id='word_1_11' title='bbox 1168 495 1407 541; x_wconf 77' lang='lat' dir='ltr'>stipendium</span> <span class='ocrx_word' id='word_1_12' title='bbox 1431 494 1539 541; x_wconf 86' lang='lat' dir='ltr'>(nam</span> <span class='ocrx_word' id='word_1_13' title='bbox 1561 495 1594 530; x_wconf 86' lang='lat' dir='ltr'>is</span> <span class='ocrx_word' id='word_1_14' title='bbox 1615 498 1840 531; x_wconf 81' lang='lat' dir='ltr'>censeretur</span> <span class='ocrx_word' id='word_1_15' title='bbox 1860 504 1945 531; x_wconf 83' lang='lat' dir='ltr'>esse</span> 
     </span>
     <span class='ocr_line' id='line_1_3' title="bbox 241 554 1944 601; baseline -0.002 -9"><span class='ocrx_word' id='word_1_16' title='bbox 241 557 392 592; x_wconf 86' lang='lat' dir='ltr'>reditus</span> <span class='ocrx_word' id='word_1_17' title='bbox 413 556 647 601; x_wconf 72' lang='lat' dir='ltr'>proveniens</span> <span class='ocrx_word' id='word_1_18' title='bbox 679 556 861 591; x_wconf 71' lang='lat' dir='ltr'>societati</span> <span class='ocrx_word' id='word_1_19' title='bbox 884 567 929 590; x_wconf 78' lang='lat' dir='ltr'>ex</span> <span class='ocrx_word' id='word_1_20' title='bbox 953 556 1091 593; x_wconf 83' lang='lat' dir='ltr'>bortis.</span> <span class='ocrx_word' id='word_1_21' title='bbox 1116 556 1220 601; x_wconf 82' lang='lat' dir='ltr'>quod</span> <span class='ocrx_word' id='word_1_22' title='bbox 1251 556 1356 591; x_wconf 87' lang='lat' dir='ltr'>haud</span> <span class='ocrx_word' id='word_1_23' title='bbox 1387 555 1506 591; x_wconf 87' lang='lat' dir='ltr'>dubie</span> <span class='ocrx_word' id='word_1_24' title='bbox 1536 555 1729 590; x_wconf 69' lang='lat' dir='ltr'>intellexit</span> <span class='ocrx_word' id='word_1_25' title='bbox 1750 558 1786 590; x_wconf 88' lang='lat' dir='ltr'>et</span> <span class='ocrx_word' id='word_1_26' title='bbox 1809 554 1944 590; x_wconf 66' lang='lat' dir='ltr'>vitavit</span> 
     </span>
     <span class='ocr_line' id='line_1_4' title="bbox 241 614 1945 661; baseline -0.002 -9"><span class='ocrx_word' id='word_1_27' title='bbox 241 616 458 653; x_wconf 88' lang='lat' dir='ltr'>Declaratio</span> <span class='ocrx_word' id='word_1_28' title='bbox 488 616 557 661; x_wconf 86' lang='lat' dir='ltr'>(se.</span> <span class='ocrx_word' id='word_1_29' title='bbox 582 616 637 657; x_wconf 87' lang='lat' dir='ltr'><strong>F),</strong></span> <span class='ocrx_word' id='word_1_30' title='bbox 671 616 737 650; x_wconf 89' lang='lat' dir='ltr'>ubi</span> <span class='ocrx_word' id='word_1_31' title='bbox 769 618 1002 661; x_wconf 79' lang='lat' dir='ltr'>proventum</span> <span class='ocrx_word' id='word_1_32' title='bbox 1033 616 1237 651; x_wconf 88' lang='lat' dir='ltr'>hortorum</span> <span class='ocrx_word' id='word_1_33' title='bbox 1259 617 1327 650; x_wconf 87' lang='lat' dir='ltr'>aut</span> <span class='ocrx_word' id='word_1_34' title='bbox 1355 624 1540 660; x_wconf 78' lang='lat' dir='ltr'>agrorum</span> <span class='ocrx_word' id='word_1_35' title='bbox 1572 615 1690 650; x_wconf 88' lang='lat' dir='ltr'>donat</span> <span class='ocrx_word' id='word_1_36' title='bbox 1712 614 1860 657; x_wconf 80' lang='lat' dir='ltr'>colono,</span> <span class='ocrx_word' id='word_1_37' title='bbox 1886 614 1945 649; x_wconf 72' lang='lat' dir='ltr'>vel</span> 
     </span>
     <span class='ocr_line' id='line_1_5' title="bbox 241 674 1946 721; baseline 0 -12"><span class='ocrx_word' id='word_1_38' title='bbox 241 675 433 721; x_wconf 88' lang='lat' dir='ltr'>permittit</span> <span class='ocrx_word' id='word_1_39' title='bbox 466 675 507 710; x_wconf 91' lang='lat' dir='ltr'>in</span> <span class='ocrx_word' id='word_1_40' title='bbox 540 674 625 720; x_wconf 88' lang='lat' dir='ltr'>ejus</span> <span class='ocrx_word' id='word_1_41' title='bbox 658 674 854 720; x_wconf 80' lang='lat' dir='ltr'>privatam</span> <span class='ocrx_word' id='word_1_42' title='bbox 889 675 1116 711; x_wconf 79' lang='lat' dir='ltr'>utilitatem.</span> <span class='ocrx_word' id='word_1_43' title='bbox 1153 685 1279 721; x_wconf 87' lang='lat' dir='ltr'>neque</span> <span class='ocrx_word' id='word_1_44' title='bbox 1308 674 1408 710; x_wconf 83' lang='lat' dir='ltr'>dixit</span> <span class='ocrx_word' id='word_1_45' title='bbox 1443 674 1482 709; x_wconf 92' lang='lat' dir='ltr'>in</span> <span class='ocrx_word' id='word_1_46' title='bbox 1516 674 1772 720; x_wconf 74' lang='lat' dir='ltr'>stipendium)</span> <span class='ocrx_word' id='word_1_47' title='bbox 1808 674 1872 709; x_wconf 84' lang='lat' dir='ltr'>liet</span> <span class='ocrx_word' id='word_1_48' title='bbox 1904 676 1946 709; x_wconf 88' lang='lat' dir='ltr'>ut</span> 
     </span>
     <span class='ocr_line' id='line_1_6' title="bbox 241 734 1945 780; baseline -0.002 -9"><span class='ocrx_word' id='word_1_49' title='bbox 241 736 355 771; x_wconf 89' lang='lat' dir='ltr'>detur</span> <span class='ocrx_word' id='word_1_50' title='bbox 384 735 425 770; x_wconf 93' lang='lat' dir='ltr'>in</span> <span class='ocrx_word' id='word_1_51' title='bbox 455 735 759 780; x_wconf 61' lang='lat' dir='ltr'>eleemosynam,</span> <span class='ocrx_word' id='word_1_52' title='bbox 783 737 825 770; x_wconf 93' lang='lat' dir='ltr'>ut</span> <span class='ocrx_word' id='word_1_53' title='bbox 853 734 1015 770; x_wconf 87' lang='lat' dir='ltr'>liberale</span> <span class='ocrx_word' id='word_1_54' title='bbox 1044 735 1206 770; x_wconf 89' lang='lat' dir='ltr'>donum.</span> <span class='ocrx_word' id='word_1_55' title='bbox 1236 747 1250 768; x_wconf 85' lang='lat'>»</span> <span class='ocrx_word' id='word_1_56' title='bbox 1279 734 1389 771; x_wconf 83' lang='lat' dir='ltr'>Unde</span> <span class='ocrx_word' id='word_1_57' title='bbox 1419 734 1575 770; x_wconf 81' lang='lat' dir='ltr'>deducit</span> <span class='ocrx_word' id='word_1_58' title='bbox 1606 734 1645 769; x_wconf 84' lang='lat' dir='ltr'>l’.</span> <span class='ocrx_word' id='word_1_59' title='bbox 1670 734 1832 772; x_wconf 79' lang='lat' dir='ltr'>Natalis,</span> <span class='ocrx_word' id='word_1_60' title='bbox 1858 743 1945 769; x_wconf 85' lang='lat' dir='ltr'>cum</span> 
     </span>
     <span class='ocr_line' id='line_1_7' title="bbox 240 793 1947 841; baseline -0.002 -10"><span class='ocrx_word' id='word_1_61' title='bbox 240 805 366 841; x_wconf 90' lang='lat' dir='ltr'>neque</span> <span class='ocrx_word' id='word_1_62' title='bbox 396 794 546 840; x_wconf 86' lang='lat' dir='ltr'>possint</span> <span class='ocrx_word' id='word_1_63' title='bbox 576 794 721 829; x_wconf 89' lang='lat' dir='ltr'>Domus</span> <span class='ocrx_word' id='word_1_64' title='bbox 753 794 952 840; x_wconf 73' lang='lat' dir='ltr'>prolessae.</span> <span class='ocrx_word' id='word_1_65' title='bbox 978 794 1097 830; x_wconf 90' lang='lat' dir='ltr'>etiam</span> <span class='ocrx_word' id='word_1_66' title='bbox 1120 795 1168 830; x_wconf 88' lang='lat' dir='ltr'>ad</span> <span class='ocrx_word' id='word_1_67' title='bbox 1192 795 1271 830; x_wconf 90' lang='lat' dir='ltr'>illis</span> <span class='ocrx_word' id='word_1_68' title='bbox 1297 794 1517 833; x_wconf 78' lang='lat' dir='ltr'>donandos,</span> <span class='ocrx_word' id='word_1_69' title='bbox 1541 794 1740 839; x_wconf 85' lang='lat' dir='ltr'>possidere</span> <span class='ocrx_word' id='word_1_70' title='bbox 1770 793 1947 829; x_wconf 87' lang='lat' dir='ltr'>redditus</span> 
     </span>
     <span class='ocr_line' id='line_1_8' title="bbox 241 853 1947 900; baseline -0.001 -10"><span class='ocrx_word' id='word_1_71' title='bbox 241 864 408 897; x_wconf 84' lang='lat' dir='ltr'>annuos,</span> <span class='ocrx_word' id='word_1_72' title='bbox 434 853 543 889; x_wconf 89' lang='lat' dir='ltr'>illam</span> <span class='ocrx_word' id='word_1_73' title='bbox 564 853 842 889; x_wconf 77' lang='lat' dir='ltr'>liberalitatem</span> <span class='ocrx_word' id='word_1_74' title='bbox 862 854 998 889; x_wconf 88' lang='lat' dir='ltr'>colono</span> <span class='ocrx_word' id='word_1_75' title='bbox 1020 854 1254 900; x_wconf 81' lang='lat' dir='ltr'>permissam</span> <span class='ocrx_word' id='word_1_76' title='bbox 1276 864 1353 889; x_wconf 90' lang='lat' dir='ltr'>non</span> <span class='ocrx_word' id='word_1_77' title='bbox 1373 854 1477 890; x_wconf 89' lang='lat' dir='ltr'>ultra</span> <span class='ocrx_word' id='word_1_78' title='bbox 1496 864 1580 889; x_wconf 87' lang='lat' dir='ltr'>sese</span> <span class='ocrx_word' id='word_1_79' title='bbox 1601 854 1810 890; x_wconf 81' lang='lat' dir='ltr'>extendere</span> <span class='ocrx_word' id='word_1_80' title='bbox 1830 863 1947 899; x_wconf 85' lang='lat' dir='ltr'>quam</span> 
     </span>
     <span class='ocr_line' id='line_1_9' title="bbox 241 913 1947 960; baseline -0.001 -11"><span class='ocrx_word' id='word_1_81' title='bbox 241 914 290 950; x_wconf 88' lang='lat' dir='ltr'>ad</span> <span class='ocrx_word' id='word_1_82' title='bbox 312 914 454 959; x_wconf 77' lang='lat' dir='ltr'>exigua</span> <span class='ocrx_word' id='word_1_83' title='bbox 475 913 565 949; x_wconf 91' lang='lat' dir='ltr'>usui</span> <span class='ocrx_word' id='word_1_84' title='bbox 588 916 722 949; x_wconf 89' lang='lat' dir='ltr'>nostro</span> <span class='ocrx_word' id='word_1_85' title='bbox 745 913 958 959; x_wconf 84' lang='lat' dir='ltr'>superflua.</span> <span class='ocrx_word' id='word_1_86' title='bbox 983 913 1094 956; x_wconf 85' lang='lat' dir='ltr'>Hinc,</span> <span class='ocrx_word' id='word_1_87' title='bbox 1119 914 1192 949; x_wconf 88' lang='lat' dir='ltr'>rite</span> <span class='ocrx_word' id='word_1_88' title='bbox 1212 923 1260 949; x_wconf 82' lang='lat' dir='ltr'>ex</span> <span class='ocrx_word' id='word_1_89' title='bbox 1284 913 1460 957; x_wconf 87' lang='lat' dir='ltr'>Lacroix‚</span> <span class='ocrx_word' id='word_1_90' title='bbox 1485 924 1563 949; x_wconf 91' lang='lat' dir='ltr'>non</span> <span class='ocrx_word' id='word_1_91' title='bbox 1584 913 1674 949; x_wconf 90' lang='lat' dir='ltr'>licet</span> <span class='ocrx_word' id='word_1_92' title='bbox 1694 913 1838 960; x_wconf 86' lang='lat' dir='ltr'>pacisci</span> <span class='ocrx_word' id='word_1_93' title='bbox 1860 923 1947 949; x_wconf 93' lang='lat' dir='ltr'>cum</span> 
     </span>
     <span class='ocr_line' id='line_1_10' title="bbox 242 973 1949 1019; baseline -0.001 -10"><span class='ocrx_word' id='word_1_94' title='bbox 242 974 378 1010; x_wconf 91' lang='lat' dir='ltr'>colono</span> <span class='ocrx_word' id='word_1_95' title='bbox 408 974 455 1009; x_wconf 90' lang='lat' dir='ltr'>de</span> <span class='ocrx_word' id='word_1_96' title='bbox 485 973 693 1009; x_wconf 85' lang='lat' dir='ltr'>medietate</span> <span class='ocrx_word' id='word_1_97' title='bbox 721 973 936 1008; x_wconf 83' lang='lat' dir='ltr'>fructuum.</span> <span class='ocrx_word' id='word_1_98' title='bbox 962 973 1018 1019; x_wconf 88' lang='lat' dir='ltr'>(L.</span> <span class='ocrx_word' id='word_1_99' title='bbox 1044 974 1106 1017; x_wconf 88' lang='lat' dir='ltr'>IV,</span> <span class='ocrx_word' id='word_1_100' title='bbox 1134 984 1174 1009; x_wconf 92' lang='lat' dir='ltr'>n.</span> <span class='ocrx_word' id='word_1_101' title='bbox 1202 973 1291 1017; x_wconf 83' lang='lat'><strong>149,</strong></span> <span class='ocrx_word' id='word_1_102' title='bbox 1316 973 1382 1009; x_wconf 89' lang='lat' dir='ltr'>ubi</span> <span class='ocrx_word' id='word_1_103' title='bbox 1403 974 1452 1009; x_wconf 82' lang='lat' dir='ltr'>el.</span> <span class='ocrx_word' id='word_1_104' title='bbox 1478 973 1607 1009; x_wconf 87' lang='lat' dir='ltr'>varios</span> <span class='ocrx_word' id='word_1_105' title='bbox 1634 984 1750 1009; x_wconf 87' lang='lat' dir='ltr'>casus</span> <span class='ocrx_word' id='word_1_106' title='bbox 1775 984 1781 1008; x_wconf 91' lang='lat'>:</span> <span class='ocrx_word' id='word_1_107' title='bbox 1806 973 1949 1008; x_wconf 85' lang='lat' dir='ltr'>citatur</span> 
     </span>
     <span class='ocr_line' id='line_1_11' title="bbox 242 1032 956 1079; baseline -0.003 -10"><span class='ocrx_word' id='word_1_108' title='bbox 242 1033 350 1069; x_wconf 90' lang='lat' dir='ltr'>locus</span> <span class='ocrx_word' id='word_1_109' title='bbox 371 1043 393 1069; x_wconf 90' lang='lat' dir='ltr'>a</span> <span class='ocrx_word' id='word_1_110' title='bbox 413 1032 690 1076; x_wconf 84' lang='lat' dir='ltr'>Montrouzier‚</span> <span class='ocrx_word' id='word_1_111' title='bbox 711 1043 744 1068; x_wconf 80' lang='lat' dir='ltr'>c.</span> <span class='ocrx_word' id='word_1_112' title='bbox 768 1043 865 1075; x_wconf 81' lang='lat' dir='ltr'>xxu,</span> <span class='ocrx_word' id='word_1_113' title='bbox 891 1032 956 1079; x_wconf 93' lang='lat' dir='ltr'><strong>II.)</strong></span> 
     </span>
    </p>

    <p class='ocr_par' dir='ltr' id='par_1_3' title="bbox 242 1098 1957 1865">
     <span class='ocr_line' id='line_1_12' title="bbox 296 1098 1950 1145; baseline -0.001 -10"><span class='ocrx_word' id='word_1_114' title='bbox 296 1099 558 1135; x_wconf 84' lang='lat' dir='ltr'>Proliibentur</span> <span class='ocrx_word' id='word_1_115' title='bbox 588 1098 705 1134; x_wconf 89' lang='lat' dir='ltr'>etiam</span> <span class='ocrx_word' id='word_1_116' title='bbox 737 1098 925 1133; x_wconf 77' lang='lat' dir='ltr'>animaIIa</span> <span class='ocrx_word' id='word_1_117' title='bbox 948 1098 997 1134; x_wconf 88' lang='lat' dir='ltr'>ad</span> <span class='ocrx_word' id='word_1_118' title='bbox 1019 1101 1253 1144; x_wconf 86' lang='lat' dir='ltr'>proventum</span> <span class='ocrx_word' id='word_1_119' title='bbox 1284 1099 1451 1142; x_wconf 82' lang='lat' dir='ltr'>nutrire,</span> <span class='ocrx_word' id='word_1_120' title='bbox 1476 1102 1518 1135; x_wconf 91' lang='lat' dir='ltr'>ut</span> <span class='ocrx_word' id='word_1_121' title='bbox 1545 1102 1638 1135; x_wconf 89' lang='lat' dir='ltr'>sunt</span> <span class='ocrx_word' id='word_1_122' title='bbox 1665 1099 1732 1144; x_wconf 82' lang='lat' dir='ltr'>qui</span> <span class='ocrx_word' id='word_1_123' title='bbox 1762 1108 1950 1145; x_wconf 75' lang='lat' dir='ltr'>magnum</span> 
     </span>
     <span class='ocr_line' id='line_1_13' title="bbox 242 1157 1952 1204; baseline 0 -9"><span class='ocrx_word' id='word_1_124' title='bbox 242 1159 551 1195; x_wconf 87' lang='lat' dir='ltr'>emolumentum</span> <span class='ocrx_word' id='word_1_125' title='bbox 572 1158 757 1200; x_wconf 70' lang='lat' dir='ltr'>atterunt,</span> <span class='ocrx_word' id='word_1_126' title='bbox 782 1169 818 1193; x_wconf 81' lang='lat' dir='ltr'>v.</span> <span class='ocrx_word' id='word_1_127' title='bbox 843 1168 881 1204; x_wconf 85' lang='lat' dir='ltr'>g.</span> <span class='ocrx_word' id='word_1_128' title='bbox 904 1168 1053 1201; x_wconf 77' lang='lat' dir='ltr'>vaccae3</span> <span class='ocrx_word' id='word_1_129' title='bbox 1077 1158 1138 1194; x_wconf 78' lang='lat' dir='ltr'>vel</span> <span class='ocrx_word' id='word_1_130' title='bbox 1160 1158 1333 1194; x_wconf 85' lang='lat' dir='ltr'>alvearia</span> <span class='ocrx_word' id='word_1_131' title='bbox 1354 1159 1458 1194; x_wconf 89' lang='lat' dir='ltr'>unde</span> <span class='ocrx_word' id='word_1_132' title='bbox 1478 1159 1671 1195; x_wconf 83' lang='lat' dir='ltr'>habeatur</span> <span class='ocrx_word' id='word_1_133' title='bbox 1690 1158 1800 1204; x_wconf 90' lang='lat' dir='ltr'>copia</span> <span class='ocrx_word' id='word_1_134' title='bbox 1824 1157 1952 1195; x_wconf 87' lang='lat' dir='ltr'>mellis</span> 
     </span>
     <span class='ocr_line' id='line_1_14' title="bbox 242 1217 1952 1265; baseline -0.001 -10"><span class='ocrx_word' id='word_1_135' title='bbox 242 1222 310 1255; x_wconf 84' lang='lat' dir='ltr'>aut</span> <span class='ocrx_word' id='word_1_136' title='bbox 332 1229 452 1260; x_wconf 39' lang='lat' dir='ltr'>cei-ees</span> <span class='ocrx_word' id='word_1_137' title='bbox 478 1218 574 1254; x_wconf 89' lang='lat' dir='ltr'>bene</span> <span class='ocrx_word' id='word_1_138' title='bbox 596 1228 687 1253; x_wconf 82' lang='lat' dir='ltr'>vero</span> <span class='ocrx_word' id='word_1_139' title='bbox 708 1218 860 1263; x_wconf 87' lang='lat' dir='ltr'>aliquid</span> <span class='ocrx_word' id='word_1_140' title='bbox 883 1217 1013 1253; x_wconf 90' lang='lat' dir='ltr'>mellis</span> <span class='ocrx_word' id='word_1_141' title='bbox 1033 1221 1101 1254; x_wconf 85' lang='lat' dir='ltr'>aut</span> <span class='ocrx_word' id='word_1_142' title='bbox 1123 1229 1220 1254; x_wconf 61' lang='lat' dir='ltr'>cerae</span> <span class='ocrx_word' id='word_1_143' title='bbox 1247 1221 1373 1264; x_wconf 88' lang='lat' dir='ltr'>potest</span> <span class='ocrx_word' id='word_1_144' title='bbox 1403 1219 1532 1265; x_wconf 86' lang='lat' dir='ltr'>colligi</span> <span class='ocrx_word' id='word_1_145' title='bbox 1563 1219 1694 1265; x_wconf 86' lang='lat' dir='ltr'>potius</span> <span class='ocrx_word' id='word_1_146' title='bbox 1724 1219 1773 1254; x_wconf 90' lang='lat' dir='ltr'>ad</span> <span class='ocrx_word' id='word_1_147' title='bbox 1802 1228 1952 1254; x_wconf 84' lang='lat' dir='ltr'>recrea-</span> 
     </span>
     <span class='ocr_line' id='line_1_15' title="bbox 243 1275 1952 1327; baseline -0.001 -12"><span class='ocrx_word' id='word_1_148' title='bbox 243 1279 388 1315; x_wconf 88' lang='lat' dir='ltr'>tionem</span> <span class='ocrx_word' id='word_1_149' title='bbox 411 1288 529 1324; x_wconf 86' lang='lat' dir='ltr'>quam</span> <span class='ocrx_word' id='word_1_150' title='bbox 551 1278 600 1314; x_wconf 89' lang='lat' dir='ltr'>ad</span> <span class='ocrx_word' id='word_1_151' title='bbox 622 1278 869 1314; x_wconf 87' lang='lat' dir='ltr'>ordinarium</span> <span class='ocrx_word' id='word_1_152' title='bbox 892 1288 1007 1313; x_wconf 88' lang='lat' dir='ltr'>usum</span> <span class='ocrx_word' id='word_1_153' title='bbox 1033 1275 1089 1326; x_wconf 78' lang='lat' dir='ltr'>(a.</span> <span class='ocrx_word' id='word_1_154' title='bbox 1116 1277 1233 1322; x_wconf 84' lang='lat'><strong>1623,</strong></span> <span class='ocrx_word' id='word_1_155' title='bbox 1261 1276 1404 1327; x_wconf 81' lang='lat'><strong>1655);</strong></span> <span class='ocrx_word' id='word_1_156' title='bbox 1430 1281 1485 1314; x_wconf 89' lang='lat' dir='ltr'>tot</span> <span class='ocrx_word' id='word_1_157' title='bbox 1506 1279 1633 1325; x_wconf 87' lang='lat' dir='ltr'>pisces</span> <span class='ocrx_word' id='word_1_158' title='bbox 1658 1281 1700 1314; x_wconf 87' lang='lat' dir='ltr'>ut</span> <span class='ocrx_word' id='word_1_159' title='bbox 1722 1278 1838 1314; x_wconf 78' lang='lat' dir='ltr'>vendi</span> <span class='ocrx_word' id='word_1_160' title='bbox 1865 1288 1952 1323; x_wconf 88' lang='lat' dir='ltr'>pos-</span> 
     </span>
     <span class='ocr_line' id='line_1_16' title="bbox 244 1335 1955 1387; baseline -0.002 -12"><span class='ocrx_word' id='word_1_161' title='bbox 244 1339 338 1377; x_wconf 83' lang='lat' dir='ltr'>sint.</span> <span class='ocrx_word' id='word_1_162' title='bbox 369 1339 431 1374; x_wconf 75' lang='lat' dir='ltr'>vel</span> <span class='ocrx_word' id='word_1_163' title='bbox 461 1338 575 1384; x_wconf 83' lang='lat' dir='ltr'>quasi</span> <span class='ocrx_word' id='word_1_164' title='bbox 609 1348 741 1373; x_wconf 90' lang='lat' dir='ltr'>semen</span> <span class='ocrx_word' id='word_1_165' title='bbox 770 1338 810 1373; x_wconf 92' lang='lat' dir='ltr'>in</span> <span class='ocrx_word' id='word_1_166' title='bbox 841 1338 993 1384; x_wconf 89' lang='lat' dir='ltr'>piscina</span> <span class='ocrx_word' id='word_1_167' title='bbox 1024 1338 1128 1373; x_wconf 91' lang='lat' dir='ltr'>unde</span> <span class='ocrx_word' id='word_1_168' title='bbox 1160 1337 1475 1384; x_wconf 84' lang='lat' dir='ltr'>multiplicentur</span> <span class='ocrx_word' id='word_1_169' title='bbox 1495 1335 1551 1387; x_wconf 81' lang='lat' dir='ltr'>(a.</span> <span class='ocrx_word' id='word_1_170' title='bbox 1578 1338 1693 1381; x_wconf 89' lang='lat'><strong>1617,</strong></span> <span class='ocrx_word' id='word_1_171' title='bbox 1723 1335 1852 1386; x_wconf 81' lang='lat'><strong>1640).</strong></span> <span class='ocrx_word' id='word_1_172' title='bbox 1880 1337 1955 1372; x_wconf 83' lang='lat' dir='ltr'>Nee</span> 
     </span>
     <span class='ocr_line' id='line_1_17' title="bbox 243 1395 1953 1445; baseline -0.002 -10"><span class='ocrx_word' id='word_1_173' title='bbox 243 1398 458 1435; x_wconf 67' lang='lat' dir='ltr'>vendenda}</span> <span class='ocrx_word' id='word_1_174' title='bbox 492 1398 653 1434; x_wconf 87' lang='lat' dir='ltr'>arbores</span> <span class='ocrx_word' id='word_1_175' title='bbox 687 1398 805 1441; x_wconf 86' lang='lat' dir='ltr'>horti,</span> <span class='ocrx_word' id='word_1_176' title='bbox 843 1397 910 1433; x_wconf 86' lang='lat' dir='ltr'>sed</span> <span class='ocrx_word' id='word_1_177' title='bbox 944 1397 985 1432; x_wconf 94' lang='lat' dir='ltr'>in</span> <span class='ocrx_word' id='word_1_178' title='bbox 1018 1400 1176 1433; x_wconf 89' lang='lat' dir='ltr'>nostros</span> <span class='ocrx_word' id='word_1_179' title='bbox 1211 1407 1308 1433; x_wconf 90' lang='lat' dir='ltr'>usus</span> <span class='ocrx_word' id='word_1_180' title='bbox 1342 1401 1508 1443; x_wconf 86' lang='lat' dir='ltr'>possunt</span> <span class='ocrx_word' id='word_1_181' title='bbox 1540 1398 1714 1444; x_wconf 89' lang='lat' dir='ltr'>impendi</span> <span class='ocrx_word' id='word_1_182' title='bbox 1746 1395 1801 1445; x_wconf 77' lang='lat' dir='ltr'>(v.</span> <span class='ocrx_word' id='word_1_183' title='bbox 1834 1408 1871 1444; x_wconf 84' lang='lat' dir='ltr'>g.</span> <span class='ocrx_word' id='word_1_184' title='bbox 1904 1397 1953 1432; x_wconf 90' lang='lat' dir='ltr'>ad</span> 
     </span>
     <span class='ocr_line' id='line_1_18' title="bbox 244 1454 1954 1505; baseline -0.001 -11"><span class='ocrx_word' id='word_1_185' title='bbox 244 1459 387 1501; x_wconf 79' lang='lat' dir='ltr'>locum,</span> <span class='ocrx_word' id='word_1_186' title='bbox 418 1458 562 1493; x_wconf 71' lang='lat' dir='ltr'>aedium</span> <span class='ocrx_word' id='word_1_187' title='bbox 592 1455 898 1505; x_wconf 76' lang='lat' dir='ltr'>reparationem)</span> <span class='ocrx_word' id='word_1_188' title='bbox 929 1454 985 1505; x_wconf 82' lang='lat' dir='ltr'>(a.</span> <span class='ocrx_word' id='word_1_189' title='bbox 1022 1457 1153 1504; x_wconf 87' lang='lat'><strong>1637).</strong></span> <span class='ocrx_word' id='word_1_190' title='bbox 1177 1457 1426 1493; x_wconf 73' lang='lat' dir='ltr'>Contormius</span> <span class='ocrx_word' id='word_1_191' title='bbox 1457 1461 1515 1493; x_wconf 91' lang='lat' dir='ltr'>est</span> <span class='ocrx_word' id='word_1_192' title='bbox 1546 1457 1768 1504; x_wconf 89' lang='lat' dir='ltr'>paupertati</span> <span class='ocrx_word' id='word_1_193' title='bbox 1800 1467 1878 1492; x_wconf 92' lang='lat' dir='ltr'>non</span> <span class='ocrx_word' id='word_1_194' title='bbox 1908 1467 1954 1491; x_wconf 89' lang='lat' dir='ltr'>ex</span> 
     </span>
     <span class='ocr_line' id='line_1_19' title="bbox 246 1517 1955 1563; baseline -0.001 -9"><span class='ocrx_word' id='word_1_195' title='bbox 246 1518 350 1554; x_wconf 89' lang='lat' dir='ltr'>horti</span> <span class='ocrx_word' id='word_1_196' title='bbox 378 1517 573 1553; x_wconf 83' lang='lat' dir='ltr'>fructibus</span> <span class='ocrx_word' id='word_1_197' title='bbox 595 1517 824 1560; x_wconf 88' lang='lat' dir='ltr'>divenditis,</span> <span class='ocrx_word' id='word_1_198' title='bbox 850 1517 918 1552; x_wconf 89' lang='lat' dir='ltr'>sed</span> <span class='ocrx_word' id='word_1_199' title='bbox 938 1517 1113 1559; x_wconf 84' lang='lat' dir='ltr'>aliunde,</span> <span class='ocrx_word' id='word_1_200' title='bbox 1137 1517 1235 1553; x_wconf 90' lang='lat' dir='ltr'>solvi</span> <span class='ocrx_word' id='word_1_201' title='bbox 1257 1527 1401 1553; x_wconf 86' lang='lat' dir='ltr'>census</span> <span class='ocrx_word' id='word_1_202' title='bbox 1429 1518 1593 1561; x_wconf 86' lang='lat' dir='ltr'>civitati,</span> <span class='ocrx_word' id='word_1_203' title='bbox 1615 1518 1656 1553; x_wconf 90' lang='lat' dir='ltr'>in</span> <span class='ocrx_word' id='word_1_204' title='bbox 1683 1517 1796 1563; x_wconf 84' lang='lat' dir='ltr'>cujus</span> <span class='ocrx_word' id='word_1_205' title='bbox 1821 1517 1955 1552; x_wconf 81' lang='lat' dir='ltr'>tundis</span> 
     </span>
     <span class='ocr_line' id='line_1_20' title="bbox 248 1576 1956 1623; baseline -0.002 -9"><span class='ocrx_word' id='word_1_206' title='bbox 248 1579 314 1614; x_wconf 88' lang='lat' dir='ltr'>ille</span> <span class='ocrx_word' id='word_1_207' title='bbox 344 1578 484 1613; x_wconf 90' lang='lat' dir='ltr'>hortus</span> <span class='ocrx_word' id='word_1_208' title='bbox 515 1577 616 1613; x_wconf 88' lang='lat' dir='ltr'>situs</span> <span class='ocrx_word' id='word_1_209' title='bbox 644 1580 702 1613; x_wconf 90' lang='lat' dir='ltr'>est</span> <span class='ocrx_word' id='word_1_210' title='bbox 731 1577 784 1623; x_wconf 75' lang='lat' dir='ltr'>(a.</span> <span class='ocrx_word' id='word_1_211' title='bbox 823 1576 951 1622; x_wconf 87' lang='lat'><strong>1637).</strong></span> <span class='ocrx_word' id='word_1_212' title='bbox 986 1576 1035 1612; x_wconf 92' lang='lat' dir='ltr'>At</span> <span class='ocrx_word' id='word_1_213' title='bbox 1066 1577 1352 1622; x_wconf 85' lang='lat' dir='ltr'>permittuntur</span> <span class='ocrx_word' id='word_1_214' title='bbox 1382 1577 1588 1623; x_wconf 49' lang='lat' dir='ltr'>columbae,</span> <span class='ocrx_word' id='word_1_215' title='bbox 1620 1577 1779 1623; x_wconf 67' lang='lat' dir='ltr'>gallina}</span> <span class='ocrx_word' id='word_1_216' title='bbox 1808 1579 1844 1613; x_wconf 89' lang='lat' dir='ltr'>et</span> <span class='ocrx_word' id='word_1_217' title='bbox 1879 1576 1956 1612; x_wconf 87' lang='lat' dir='ltr'>alia</span> 
     </span>
     <span class='ocr_line' id='line_1_21' title="bbox 247 1636 1957 1683; baseline -0.002 -9"><span class='ocrx_word' id='word_1_218' title='bbox 247 1637 476 1680; x_wconf 81' lang='lat' dir='ltr'>domestica,</span> <span class='ocrx_word' id='word_1_219' title='bbox 513 1650 528 1671; x_wconf 91' lang='lat'>«</span> <span class='ocrx_word' id='word_1_220' title='bbox 563 1637 784 1683; x_wconf 58' lang='lat' dir='ltr'>praesertim</span> <span class='ocrx_word' id='word_1_221' title='bbox 815 1639 975 1682; x_wconf 87' lang='lat' dir='ltr'>propter</span> <span class='ocrx_word' id='word_1_222' title='bbox 1005 1646 1144 1682; x_wconf 77' lang='lat' dir='ltr'>aegrOS‚</span> <span class='ocrx_word' id='word_1_223' title='bbox 1178 1646 1300 1682; x_wconf 85' lang='lat' dir='ltr'>parvo</span> <span class='ocrx_word' id='word_1_224' title='bbox 1330 1647 1495 1672; x_wconf 91' lang='lat' dir='ltr'>numero</span> <span class='ocrx_word' id='word_1_225' title='bbox 1530 1650 1544 1670; x_wconf 75' lang='lat' dir='ltr'>n</span> <span class='ocrx_word' id='word_1_226' title='bbox 1579 1637 1796 1683; x_wconf 74' lang='lat' dir='ltr'><strong>(a.1615);</strong></span> <span class='ocrx_word' id='word_1_227' title='bbox 1831 1636 1957 1682; x_wconf 89' lang='lat' dir='ltr'>pisces</span> 
     </span>
     <span class='ocr_line' id='line_1_22' title="bbox 246 1694 1957 1745; baseline -0.002 -11"><span class='ocrx_word' id='word_1_228' title='bbox 246 1697 448 1735; x_wconf 88' lang='lat' dir='ltr'>commodo</span> <span class='ocrx_word' id='word_1_229' title='bbox 479 1700 654 1743; x_wconf 90' lang='lat' dir='ltr'>tempore</span> <span class='ocrx_word' id='word_1_230' title='bbox 684 1696 915 1743; x_wconf 87' lang='lat' dir='ltr'>comparati,</span> <span class='ocrx_word' id='word_1_231' title='bbox 948 1699 985 1731; x_wconf 89' lang='lat' dir='ltr'>et</span> <span class='ocrx_word' id='word_1_232' title='bbox 1014 1696 1056 1732; x_wconf 92' lang='lat' dir='ltr'>in</span> <span class='ocrx_word' id='word_1_233' title='bbox 1086 1706 1202 1732; x_wconf 90' lang='lat' dir='ltr'>usum</span> <span class='ocrx_word' id='word_1_234' title='bbox 1234 1697 1427 1732; x_wconf 86' lang='lat' dir='ltr'>asservati</span> <span class='ocrx_word' id='word_1_235' title='bbox 1458 1694 1513 1745; x_wconf 79' lang='lat' dir='ltr'>(a.</span> <span class='ocrx_word' id='word_1_236' title='bbox 1542 1694 1674 1745; x_wconf 87' lang='lat'><strong>1637).</strong></span> <span class='ocrx_word' id='word_1_237' title='bbox 1705 1696 1787 1732; x_wconf 83' lang='lat' dir='ltr'>Non</span> <span class='ocrx_word' id='word_1_238' title='bbox 1816 1696 1957 1732; x_wconf 87' lang='lat' dir='ltr'>debent</span> 
     </span>
     <span class='ocr_line' id='line_1_23' title="bbox 243 1753 1957 1805; baseline -0.002 -11"><span class='ocrx_word' id='word_1_239' title='bbox 243 1757 414 1794; x_wconf 83' lang='lat' dir='ltr'>Proiessi</span> <span class='ocrx_word' id='word_1_240' title='bbox 443 1757 521 1793; x_wconf 92' lang='lat' dir='ltr'>nisi</span> <span class='ocrx_word' id='word_1_241' title='bbox 542 1767 646 1800; x_wconf 85' lang='lat' dir='ltr'>raro,</span> <span class='ocrx_word' id='word_1_242' title='bbox 672 1759 730 1793; x_wconf 90' lang='lat' dir='ltr'>ter</span> <span class='ocrx_word' id='word_1_243' title='bbox 751 1759 820 1792; x_wconf 90' lang='lat' dir='ltr'>aut</span> <span class='ocrx_word' id='word_1_244' title='bbox 841 1758 981 1802; x_wconf 86' lang='lat' dir='ltr'>quater</span> <span class='ocrx_word' id='word_1_245' title='bbox 1008 1756 1049 1792; x_wconf 91' lang='lat' dir='ltr'>in</span> <span class='ocrx_word' id='word_1_246' title='bbox 1070 1766 1189 1800; x_wconf 87' lang='lat' dir='ltr'>anno,</span> <span class='ocrx_word' id='word_1_247' title='bbox 1212 1756 1269 1792; x_wconf 85' lang='lat' dir='ltr'>ire</span> <span class='ocrx_word' id='word_1_248' title='bbox 1288 1757 1339 1792; x_wconf 89' lang='lat' dir='ltr'>ad</span> <span class='ocrx_word' id='word_1_249' title='bbox 1360 1757 1516 1792; x_wconf 84' lang='lat' dir='ltr'>vineam</span> <span class='ocrx_word' id='word_1_250' title='bbox 1538 1753 1815 1805; x_wconf 78' lang='lat'><strong>(1587-1628).</strong></span> <span class='ocrx_word' id='word_1_251' title='bbox 1838 1755 1957 1791; x_wconf 85' lang='lat' dir='ltr'>Toleti</span> 
     </span>
     <span class='ocr_line' id='line_1_24' title="bbox 246 1814 1762 1865; baseline -0.001 -12"><span class='ocrx_word' id='word_1_252' title='bbox 246 1817 484 1865; x_wconf 89' lang='lat' dir='ltr'>permissum</span> <span class='ocrx_word' id='word_1_253' title='bbox 505 1820 564 1853; x_wconf 91' lang='lat' dir='ltr'>est</span> <span class='ocrx_word' id='word_1_254' title='bbox 586 1820 629 1852; x_wconf 92' lang='lat' dir='ltr'>ut</span> <span class='ocrx_word' id='word_1_255' title='bbox 650 1816 778 1852; x_wconf 88' lang='lat' dir='ltr'>decies</span> <span class='ocrx_word' id='word_1_256' title='bbox 797 1816 913 1853; x_wconf 83' lang='lat' dir='ltr'>irent.</span> <span class='ocrx_word' id='word_1_257' title='bbox 940 1816 988 1851; x_wconf 86' lang='lat' dir='ltr'>ob</span> <span class='ocrx_word' id='word_1_258' title='bbox 1007 1816 1202 1852; x_wconf 82' lang='lat' dir='ltr'>deiectum</span> <span class='ocrx_word' id='word_1_259' title='bbox 1224 1816 1328 1852; x_wconf 90' lang='lat' dir='ltr'>horti</span> <span class='ocrx_word' id='word_1_260' title='bbox 1347 1816 1388 1852; x_wconf 92' lang='lat' dir='ltr'>in</span> <span class='ocrx_word' id='word_1_261' title='bbox 1410 1817 1524 1852; x_wconf 91' lang='lat' dir='ltr'>domo</span> <span class='ocrx_word' id='word_1_262' title='bbox 1546 1814 1601 1865; x_wconf 76' lang='lat' dir='ltr'>(a.</span> <span class='ocrx_word' id='word_1_263' title='bbox 1628 1814 1762 1865; x_wconf 81' lang='lat'><strong>1642).</strong></span> 
     </span>
    </p>

    <p class='ocr_par' dir='ltr' id='par_1_4' title="bbox 247 1878 1961 2292">
     <span class='ocr_line' id='line_1_25' title="bbox 299 1878 1959 1930; baseline -0.001 -11"><span class='ocrx_word' id='word_1_264' title='bbox 299 1884 414 1919; x_wconf 82' lang='lat' dir='ltr'>Notat</span> <span class='ocrx_word' id='word_1_265' title='bbox 431 1883 574 1919; x_wconf 88' lang='lat' dir='ltr'>Suarez</span> <span class='ocrx_word' id='word_1_266' title='bbox 596 1883 636 1929; x_wconf 91' lang='lat' dir='ltr'>(l.</span> <span class='ocrx_word' id='word_1_267' title='bbox 664 1883 726 1925; x_wconf 72' lang='lat' dir='ltr'>IV,</span> <span class='ocrx_word' id='word_1_268' title='bbox 749 1892 781 1918; x_wconf 88' lang='lat' dir='ltr'>c.</span> <span class='ocrx_word' id='word_1_269' title='bbox 807 1893 860 1925; x_wconf 81' lang='lat' dir='ltr'>1x‚</span> <span class='ocrx_word' id='word_1_270' title='bbox 879 1892 919 1917; x_wconf 92' lang='lat' dir='ltr'>n.</span> <span class='ocrx_word' id='word_1_271' title='bbox 947 1878 1009 1930; x_wconf 88' lang='lat'>12)</span> <span class='ocrx_word' id='word_1_272' title='bbox 1033 1884 1176 1928; x_wconf 50' lang='lat' dir='ltr'>praeter</span> <span class='ocrx_word' id='word_1_273' title='bbox 1194 1882 1329 1918; x_wconf 69' lang='lat' dir='ltr'>villam</span> <span class='ocrx_word' id='word_1_274' title='bbox 1349 1892 1464 1928; x_wconf 90' lang='lat' dir='ltr'>posse</span> <span class='ocrx_word' id='word_1_275' title='bbox 1483 1883 1618 1918; x_wconf 86' lang='lat' dir='ltr'>haberi</span> <span class='ocrx_word' id='word_1_276' title='bbox 1638 1883 1794 1918; x_wconf 89' lang='lat' dir='ltr'>hortum</span> <span class='ocrx_word' id='word_1_277' title='bbox 1818 1880 1959 1918; x_wconf 84' lang='lat' dir='ltr'>Domui</span> 
     </span>
     <span class='ocr_line' id='line_1_26' title="bbox 247 1942 1958 1991; baseline -0.001 -12"><span class='ocrx_word' id='word_1_278' title='bbox 247 1944 434 1991; x_wconf 65' lang='lat' dir='ltr'>professa²</span> <span class='ocrx_word' id='word_1_279' title='bbox 455 1943 710 1989; x_wconf 85' lang='lat' dir='ltr'>contiguum;</span> <span class='ocrx_word' id='word_1_280' title='bbox 735 1952 827 1978; x_wconf 88' lang='lat' dir='ltr'>nam</span> <span class='ocrx_word' id='word_1_281' title='bbox 849 1942 915 1977; x_wconf 88' lang='lat' dir='ltr'>ille</span> <span class='ocrx_word' id='word_1_282' title='bbox 937 1952 977 1977; x_wconf 90' lang='lat' dir='ltr'>se</span> <span class='ocrx_word' id='word_1_283' title='bbox 997 1942 1114 1977; x_wconf 86' lang='lat' dir='ltr'>habet</span> <span class='ocrx_word' id='word_1_284' title='bbox 1142 1944 1184 1977; x_wconf 86' lang='lat' dir='ltr'>ut</span> <span class='ocrx_word' id='word_1_285' title='bbox 1206 1952 1298 1987; x_wconf 89' lang='lat' dir='ltr'>pars</span> <span class='ocrx_word' id='word_1_286' title='bbox 1319 1942 1446 1988; x_wconf 89' lang='lat' dir='ltr'>ipsius</span> <span class='ocrx_word' id='word_1_287' title='bbox 1467 1943 1607 1978; x_wconf 91' lang='lat' dir='ltr'>domus</span> <span class='ocrx_word' id='word_1_288' title='bbox 1632 1954 1639 1977; x_wconf 72' lang='grc' dir='ltr'>ι</span> <span class='ocrx_word' id='word_1_289' title='bbox 1670 1942 1704 1978; x_wconf 92' lang='lat' dir='ltr'>ei</span> <span class='ocrx_word' id='word_1_290' title='bbox 1725 1942 1958 1988; x_wconf 86' lang='lat' dir='ltr'>applicanda</span> 
     </span>
     <span class='ocr_line' id='line_1_27' title="bbox 248 2001 1960 2050; baseline -0.001 -11"><span class='ocrx_word' id='word_1_291' title='bbox 248 2014 334 2050; x_wconf 72' lang='lat' dir='ltr'>quae</span> <span class='ocrx_word' id='word_1_292' title='bbox 353 2003 400 2039; x_wconf 90' lang='lat' dir='ltr'>de</span> <span class='ocrx_word' id='word_1_293' title='bbox 422 2003 530 2038; x_wconf 90' lang='lat' dir='ltr'>villa.</span> <span class='ocrx_word' id='word_1_294' title='bbox 555 2002 663 2038; x_wconf 83' lang='lat' dir='ltr'>Hanc</span> <span class='ocrx_word' id='word_1_295' title='bbox 683 2004 815 2038; x_wconf 89' lang='lat' dir='ltr'>autem</span> <span class='ocrx_word' id='word_1_296' title='bbox 839 2001 959 2037; x_wconf 84' lang='lat' dir='ltr'>tradit</span> <span class='ocrx_word' id='word_1_297' title='bbox 979 2001 1119 2037; x_wconf 91' lang='lat' dir='ltr'>Doctor</span> <span class='ocrx_word' id='word_1_298' title='bbox 1139 2002 1316 2048; x_wconf 81' lang='lat' dir='ltr'>regulam</span> <span class='ocrx_word' id='word_1_299' title='bbox 1336 2013 1343 2037; x_wconf 76' lang='grc' dir='ltr'>ε</span> <span class='ocrx_word' id='word_1_300' title='bbox 1362 2002 1403 2037; x_wconf 91' lang='lat' dir='ltr'>in</span> <span class='ocrx_word' id='word_1_301' title='bbox 1424 2002 1486 2037; x_wconf 90' lang='lat' dir='ltr'>his</span> <span class='ocrx_word' id='word_1_302' title='bbox 1508 2012 1594 2047; x_wconf 55' lang='lat' dir='ltr'>quae</span> <span class='ocrx_word' id='word_1_303' title='bbox 1615 2002 1738 2047; x_wconf 88' lang='lat' dir='ltr'>possit</span> <span class='ocrx_word' id='word_1_304' title='bbox 1760 2002 1960 2048; x_wconf 86' lang='lat' dir='ltr'>possidere</span> 
     </span>
     <span class='ocr_line' id='line_1_28' title="bbox 249 2057 1961 2110; baseline -0.002 -11"><span class='ocrx_word' id='word_1_305' title='bbox 249 2064 394 2099; x_wconf 91' lang='lat' dir='ltr'>Domus</span> <span class='ocrx_word' id='word_1_306' title='bbox 416 2063 607 2109; x_wconf 74' lang='lat' dir='ltr'>professa,</span> <span class='ocrx_word' id='word_1_307' title='bbox 633 2061 827 2108; x_wconf 88' lang='lat' dir='ltr'>quidquid</span> <span class='ocrx_word' id='word_1_308' title='bbox 848 2071 926 2097; x_wconf 89' lang='lat' dir='ltr'>non</span> <span class='ocrx_word' id='word_1_309' title='bbox 947 2071 1177 2097; x_wconf 82' lang='lat' dir='ltr'>concessum</span> <span class='ocrx_word' id='word_1_310' title='bbox 1205 2063 1279 2105; x_wconf 89' lang='lat' dir='ltr'>est,</span> <span class='ocrx_word' id='word_1_311' title='bbox 1308 2061 1459 2097; x_wconf 85' lang='lat' dir='ltr'>censeri</span> <span class='ocrx_word' id='word_1_312' title='bbox 1488 2062 1731 2107; x_wconf 89' lang='lat' dir='ltr'>prohibitum</span> <span class='ocrx_word' id='word_1_313' title='bbox 1753 2058 1797 2110; x_wconf 80' lang='lat' dir='ltr'>(l.</span> <span class='ocrx_word' id='word_1_314' title='bbox 1822 2057 1890 2110; x_wconf 88' lang='lat' dir='ltr'><strong>c.).</strong></span> <span class='ocrx_word' id='word_1_315' title='bbox 1916 2061 1961 2096; x_wconf 85' lang='lat' dir='ltr'>Et</span> 
     </span>
     <span class='ocr_line' id='line_1_29' title="bbox 249 2121 1960 2169; baseline -0.002 -10"><span class='ocrx_word' id='word_1_316' title='bbox 249 2125 438 2159; x_wconf 87' lang='lat' dir='ltr'>consonat</span> <span class='ocrx_word' id='word_1_317' title='bbox 469 2132 703 2169; x_wconf 90' lang='lat' dir='ltr'>responsum</span> <span class='ocrx_word' id='word_1_318' title='bbox 728 2133 735 2157; x_wconf 74' lang='grc' dir='ltr'>ε</span> <span class='ocrx_word' id='word_1_319' title='bbox 764 2134 780 2156; x_wconf 92' lang='lat'>«</span> <span class='ocrx_word' id='word_1_320' title='bbox 806 2121 851 2157; x_wconf 91' lang='lat' dir='ltr'>In</span> <span class='ocrx_word' id='word_1_321' title='bbox 872 2121 1005 2157; x_wconf 90' lang='lat' dir='ltr'>dubiis</span> <span class='ocrx_word' id='word_1_322' title='bbox 1027 2121 1131 2157; x_wconf 88' lang='lat' dir='ltr'>circa</span> <span class='ocrx_word' id='word_1_323' title='bbox 1152 2124 1425 2167; x_wconf 84' lang='lat' dir='ltr'>paupertatem</span> <span class='ocrx_word' id='word_1_324' title='bbox 1448 2121 1594 2157; x_wconf 91' lang='lat' dir='ltr'>Domus</span> <span class='ocrx_word' id='word_1_325' title='bbox 1624 2122 1823 2167; x_wconf 66' lang='lat' dir='ltr'>protessze,</span> <span class='ocrx_word' id='word_1_326' title='bbox 1849 2121 1960 2156; x_wconf 54' lang='lat' dir='ltr'>incli*</span> 
     </span>
     <span class='ocr_line' id='line_1_30' title="bbox 250 2181 1961 2228; baseline -0.001 -9"><span class='ocrx_word' id='word_1_327' title='bbox 250 2183 427 2219; x_wconf 89' lang='lat' dir='ltr'>nandum</span> <span class='ocrx_word' id='word_1_328' title='bbox 450 2182 492 2218; x_wconf 92' lang='lat' dir='ltr'>in</span> <span class='ocrx_word' id='word_1_329' title='bbox 516 2185 667 2228; x_wconf 89' lang='lat' dir='ltr'>partem</span> <span class='ocrx_word' id='word_1_330' title='bbox 690 2181 941 2225; x_wconf 85' lang='lat' dir='ltr'>strictiorem,</span> <span class='ocrx_word' id='word_1_331' title='bbox 966 2181 1105 2217; x_wconf 89' lang='lat' dir='ltr'>saltem</span> <span class='ocrx_word' id='word_1_332' title='bbox 1129 2181 1177 2217; x_wconf 89' lang='lat' dir='ltr'>ob</span> <span class='ocrx_word' id='word_1_333' title='bbox 1199 2181 1461 2217; x_wconf 86' lang='lat' dir='ltr'>reverentiam</span> <span class='ocrx_word' id='word_1_334' title='bbox 1484 2181 1565 2217; x_wconf 74' lang='lat' dir='ltr'>voti</span> <span class='ocrx_word' id='word_1_335' title='bbox 1594 2182 1785 2228; x_wconf 85' lang='lat' dir='ltr'>simplicis</span> <span class='ocrx_word' id='word_1_336' title='bbox 1811 2181 1961 2217; x_wconf 77' lang='lat' dir='ltr'>Profes—</span> 
     </span>
     <span class='ocr_line' id='line_1_31' title="bbox 252 2239 664 2292; baseline -0.005 -13"><span class='ocrx_word' id='word_1_337' title='bbox 252 2253 386 2279; x_wconf 88' lang='lat' dir='ltr'>sorum</span> <span class='ocrx_word' id='word_1_338' title='bbox 412 2255 427 2276; x_wconf 88' lang='lat'>»</span> <span class='ocrx_word' id='word_1_339' title='bbox 455 2239 507 2292; x_wconf 81' lang='lat' dir='ltr'>(a.</span> <span class='ocrx_word' id='word_1_340' title='bbox 533 2241 664 2288; x_wconf 84' lang='lat'><strong>1623).</strong></span> 
     </span>
    </p>

    <p class='ocr_par' dir='ltr' id='par_1_5' title="bbox 252 2306 1963 2475">
     <span class='ocr_line' id='line_1_32' title="bbox 310 2306 1963 2355; baseline 0.001 -14"><span class='ocrx_word' id='word_1_341' title='bbox 310 2322 324 2341; x_wconf 68' lang='lat' dir='ltr'>&lt;t</span> <span class='ocrx_word' id='word_1_342' title='bbox 349 2309 565 2355; x_wconf 85' lang='lat' dir='ltr'>Perpetuus</span> <span class='ocrx_word' id='word_1_343' title='bbox 587 2317 684 2344; x_wconf 91' lang='lat' dir='ltr'>usus</span> <span class='ocrx_word' id='word_1_344' title='bbox 706 2307 779 2343; x_wconf 91' lang='lat' dir='ltr'>sub</span> <span class='ocrx_word' id='word_1_345' title='bbox 808 2310 864 2343; x_wconf 90' lang='lat' dir='ltr'>tot</span> <span class='ocrx_word' id='word_1_346' title='bbox 887 2306 1162 2351; x_wconf 84' lang='lat' dir='ltr'>Generalibus‚</span> <span class='ocrx_word' id='word_1_347' title='bbox 1186 2310 1222 2343; x_wconf 90' lang='lat' dir='ltr'>et</span> <span class='ocrx_word' id='word_1_348' title='bbox 1244 2307 1379 2353; x_wconf 88' lang='lat' dir='ltr'>praxis</span> <span class='ocrx_word' id='word_1_349' title='bbox 1401 2317 1487 2354; x_wconf 73' lang='lat' dir='ltr'>quae</span> <span class='ocrx_word' id='word_1_350' title='bbox 1517 2310 1576 2344; x_wconf 88' lang='lat' dir='ltr'>est</span> <span class='ocrx_word' id='word_1_351' title='bbox 1598 2308 1745 2353; x_wconf 89' lang='lat' dir='ltr'>optima</span> <span class='ocrx_word' id='word_1_352' title='bbox 1770 2307 1963 2354; x_wconf 87' lang='lat' dir='ltr'>interpres</span> 
     </span>
     <span class='ocr_line' id='line_1_33' title="bbox 252 2364 1963 2415; baseline -0.001 -11"><span class='ocrx_word' id='word_1_353' title='bbox 252 2369 383 2415; x_wconf 80' lang='lat' dir='ltr'>legum</span> <span class='ocrx_word' id='word_1_354' title='bbox 412 2368 508 2404; x_wconf 90' lang='lat' dir='ltr'>satis</span> <span class='ocrx_word' id='word_1_355' title='bbox 531 2370 754 2404; x_wconf 84' lang='lat' dir='ltr'>monstrant</span> <span class='ocrx_word' id='word_1_356' title='bbox 781 2367 898 2403; x_wconf 90' lang='lat' dir='ltr'>licere</span> <span class='ocrx_word' id='word_1_357' title='bbox 928 2367 1068 2403; x_wconf 91' lang='lat' dir='ltr'>Domui</span> <span class='ocrx_word' id='word_1_358' title='bbox 1096 2364 1479 2415; x_wconf 73' lang='lat' dir='ltr'>p1·otessae(quand0</span> <span class='ocrx_word' id='word_1_359' title='bbox 1510 2378 1557 2403; x_wconf 88' lang='lat' dir='ltr'>ex</span> <span class='ocrx_word' id='word_1_360' title='bbox 1586 2368 1693 2413; x_wconf 85' lang='lat' dir='ltr'>justa</span> <span class='ocrx_word' id='word_1_361' title='bbox 1714 2377 1846 2410; x_wconf 85' lang='lat' dir='ltr'>eausa,</span> <span class='ocrx_word' id='word_1_362' title='bbox 1868 2367 1963 2403; x_wconf 88' lang='lat' dir='ltr'>alio-</span> 
     </span>
     <span class='ocr_line' id='line_1_34' title="bbox 254 2426 1961 2475; baseline -0.001 -11"><span class='ocrx_word' id='word_1_363' title='bbox 254 2428 418 2475; x_wconf 86' lang='lat' dir='ltr'>quin...)</span> <span class='ocrx_word' id='word_1_364' title='bbox 440 2428 640 2474; x_wconf 88' lang='lat' dir='ltr'>imponere</span> <span class='ocrx_word' id='word_1_365' title='bbox 660 2437 803 2463; x_wconf 86' lang='lat' dir='ltr'>census</span> <span class='ocrx_word' id='word_1_366' title='bbox 821 2427 947 2463; x_wconf 89' lang='lat' dir='ltr'>reales</span> <span class='ocrx_word' id='word_1_367' title='bbox 969 2437 1088 2473; x_wconf 90' lang='lat' dir='ltr'>super</span> <span class='ocrx_word' id='word_1_368' title='bbox 1109 2427 1269 2463; x_wconf 89' lang='lat' dir='ltr'>domum</span> <span class='ocrx_word' id='word_1_369' title='bbox 1297 2427 1505 2463; x_wconf 76' lang='lat' dir='ltr'>hortumve</span> <span class='ocrx_word' id='word_1_370' title='bbox 1527 2441 1541 2461; x_wconf 90' lang='lat'>»</span> <span class='ocrx_word' id='word_1_371' title='bbox 1568 2427 1620 2473; x_wconf 81' lang='grc' dir='ltr'>(α.</span> <span class='ocrx_word' id='word_1_372' title='bbox 1642 2427 1683 2463; x_wconf 91' lang='lat' dir='ltr'>in</span> <span class='ocrx_word' id='word_1_373' title='bbox 1712 2427 1852 2472; x_wconf 78' lang='lat' dir='ltr'>Congr.</span> <span class='ocrx_word' id='word_1_374' title='bbox 1882 2426 1961 2473; x_wconf 84' lang='lat' dir='ltr'><strong>IX).</strong></span> 
     </span>
    </p>
   </div>
   <div class='ocr_carea' id='block_1_3' title="bbox 258 2576 2075 3103">
    <p class='ocr_par' dir='ltr' id='par_1_6' title="bbox 258 2576 2075 3103">
     <span class='ocr_line' id='line_1_35' title="bbox 315 2576 2075 2636; baseline -0.002 -14"><span class='ocrx_word' id='word_1_375' title='bbox 315 2577 363 2622; x_wconf 77' lang='lat'>40</span> <span class='ocrx_word' id='word_1_376' title='bbox 397 2577 603 2622; x_wconf 87' lang='lat' dir='ltr'>Professi</span> <span class='ocrx_word' id='word_1_377' title='bbox 636 2577 684 2620; x_wconf 88' lang='lat' dir='ltr'>in</span> <span class='ocrx_word' id='word_1_378' title='bbox 719 2576 815 2621; x_wconf 90' lang='lat' dir='ltr'>suis</span> <span class='ocrx_word' id='word_1_379' title='bbox 850 2577 1096 2634; x_wconf 86' lang='lat' dir='ltr'>Domibus,</span> <span class='ocrx_word' id='word_1_380' title='bbox 1134 2576 1450 2636; x_wconf 77' lang='lat' dir='ltr'>Collegiorum</span> <span class='ocrx_word' id='word_1_381' title='bbox 1488 2576 1748 2621; x_wconf 80' lang='lat' dir='ltr'>redditibus</span> <span class='ocrx_word' id='word_1_382' title='bbox 1783 2576 1840 2620; x_wconf 82' lang='lat' dir='ltr'>ali</span> <span class='ocrx_word' id='word_1_383' title='bbox 1874 2591 1967 2621; x_wconf 84' lang='lat' dir='ltr'>non</span> <span class='ocrx_word' id='word_1_384' title='bbox 2023 2590 2075 2620; x_wconf 73' lang='lat'>120</span> 
     </span>
     <span class='ocr_line' id='line_1_36' title="bbox 258 2654 1969 2714; baseline -0.001 -14"><span class='ocrx_word' id='word_1_385' title='bbox 258 2661 458 2714; x_wconf 82' lang='lat' dir='ltr'>possunt</span> <span class='ocrx_word' id='word_1_386' title='bbox 485 2655 615 2712; x_wconf 85' lang='lat' dir='ltr'>(Cst.,</span> <span class='ocrx_word' id='word_1_387' title='bbox 644 2655 720 2710; x_wconf 84' lang='lat' dir='ltr'>IV,</span> <span class='ocrx_word' id='word_1_388' title='bbox 748 2668 798 2712; x_wconf 85' lang='lat'><strong>11,</strong></span> <span class='ocrx_word' id='word_1_389' title='bbox 828 2655 881 2711; x_wconf 77' lang='lat'>53</span> <span class='ocrx_word' id='word_1_390' title='bbox 912 2682 969 2687; x_wconf 97' lang='lat'>—</span> <span class='ocrx_word' id='word_1_391' title='bbox 990 2655 1066 2707; x_wconf 81' lang='lat' dir='ltr'>VI,</span> <span class='ocrx_word' id='word_1_392' title='bbox 1098 2668 1149 2709; x_wconf 80' lang='grc' dir='ltr'>Π,</span> <span class='ocrx_word' id='word_1_393' title='bbox 1173 2655 1221 2714; x_wconf 84' lang='lat'><strong>3)</strong></span> <span class='ocrx_word' id='word_1_394' title='bbox 1239 2655 1276 2711; x_wconf 76' lang='lat'>¹3</span> <span class='ocrx_word' id='word_1_395' title='bbox 1307 2655 1520 2714; x_wconf 68' lang='lat' dir='ltr'>quamvis</span> <span class='ocrx_word' id='word_1_396' title='bbox 1542 2655 1590 2698; x_wconf 88' lang='lat' dir='ltr'>in</span> <span class='ocrx_word' id='word_1_397' title='bbox 1611 2655 1723 2712; x_wconf 78' lang='lat' dir='ltr'>ipsis</span> <span class='ocrx_word' id='word_1_398' title='bbox 1752 2654 1969 2713; x_wconf 82' lang='lat' dir='ltr'>Collegiis</span> 
     </span>
     <span class='ocr_line' id='line_1_37' title="bbox 259 2732 1968 2792; baseline -0.001 -15"><span class='ocrx_word' id='word_1_399' title='bbox 259 2734 315 2777; x_wconf 81' lang='lat' dir='ltr'>ad</span> <span class='ocrx_word' id='word_1_400' title='bbox 343 2733 533 2792; x_wconf 79' lang='lat' dir='ltr'>longum</span> <span class='ocrx_word' id='word_1_401' title='bbox 562 2738 750 2791; x_wconf 86' lang='lat' dir='ltr'>tempus</span> <span class='ocrx_word' id='word_1_402' title='bbox 777 2733 992 2778; x_wconf 81' lang='lat' dir='ltr'>habitare</span> <span class='ocrx_word' id='word_1_403' title='bbox 1024 2733 1220 2791; x_wconf 81' lang='lat' dir='ltr'>possint,</span> <span class='ocrx_word' id='word_1_404' title='bbox 1246 2734 1340 2777; x_wconf 75' lang='lat' dir='ltr'>sive</span> <span class='ocrx_word' id='word_1_405' title='bbox 1373 2733 1429 2777; x_wconf 81' lang='lat' dir='ltr'>ad</span> <span class='ocrx_word' id='word_1_406' title='bbox 1460 2732 1762 2788; x_wconf 67' lang='lat' dir='ltr'>visitandum,</span> <span class='ocrx_word' id='word_1_407' title='bbox 1793 2732 1886 2776; x_wconf 78' lang='lat' dir='ltr'>sive</span> <span class='ocrx_word' id='word_1_408' title='bbox 1913 2733 1968 2777; x_wconf 85' lang='lat' dir='ltr'>ad</span> 
     </span>
     <span class='ocr_line' id='line_1_38' title="bbox 261 2810 1971 2870; baseline -0.002 -15"><span class='ocrx_word' id='word_1_409' title='bbox 261 2811 642 2870; x_wconf 77' lang='lat' dir='ltr'>gubernandum,</span> <span class='ocrx_word' id='word_1_410' title='bbox 676 2811 770 2854; x_wconf 73' lang='lat' dir='ltr'>sive</span> <span class='ocrx_word' id='word_1_411' title='bbox 805 2810 862 2855; x_wconf 83' lang='lat' dir='ltr'>ad</span> <span class='ocrx_word' id='word_1_412' title='bbox 899 2811 1184 2867; x_wconf 77' lang='lat' dir='ltr'>docendum,</span> <span class='ocrx_word' id='word_1_413' title='bbox 1221 2812 1314 2855; x_wconf 73' lang='lat' dir='ltr'>sive</span> <span class='ocrx_word' id='word_1_414' title='bbox 1349 2811 1404 2854; x_wconf 84' lang='lat' dir='ltr'>ad</span> <span class='ocrx_word' id='word_1_415' title='bbox 1433 2810 1753 2865; x_wconf 82' lang='lat' dir='ltr'>scribendum,</span> <span class='ocrx_word' id='word_1_416' title='bbox 1789 2810 1884 2854; x_wconf 77' lang='lat' dir='ltr'>sive</span> <span class='ocrx_word' id='word_1_417' title='bbox 1915 2810 1971 2854; x_wconf 82' lang='lat' dir='ltr'>ad</span> 
     </span>
     <span class='ocr_line' id='line_1_39' title="bbox 263 2887 1970 2947; baseline -0.002 -15"><span class='ocrx_word' id='word_1_418' title='bbox 263 2889 524 2934; x_wconf 80' lang='lat' dir='ltr'>ministeria</span> <span class='ocrx_word' id='word_1_419' title='bbox 551 2888 810 2947; x_wconf 83' lang='lat' dir='ltr'>spiritualia</span> <span class='ocrx_word' id='word_1_420' title='bbox 838 2889 1099 2933; x_wconf 78' lang='lat' dir='ltr'>exercenda</span> <span class='ocrx_word' id='word_1_421' title='bbox 1120 2889 1253 2947; x_wconf 69' lang='lat' dir='ltr'>(Cst.,</span> <span class='ocrx_word' id='word_1_422' title='bbox 1280 2887 1355 2945; x_wconf 73' lang='lat' dir='ltr'>IV,</span> <span class='ocrx_word' id='word_1_423' title='bbox 1383 2901 1434 2943; x_wconf 82' lang='grc' dir='ltr'>Π,</span> <span class='ocrx_word' id='word_1_424' title='bbox 1459 2888 1518 2943; x_wconf 84' lang='lat' dir='ltr'>F;</span> <span class='ocrx_word' id='word_1_425' title='bbox 1542 2913 1599 2919; x_wconf 90' lang='lat'>——</span> <span class='ocrx_word' id='word_1_426' title='bbox 1621 2887 1697 2943; x_wconf 91' lang='lat' dir='ltr'>VI,</span> <span class='ocrx_word' id='word_1_427' title='bbox 1722 2901 1773 2944; x_wconf 82' lang='grc' dir='ltr'>ΙΙ,</span> <span class='ocrx_word' id='word_1_428' title='bbox 1794 2887 1837 2943; x_wconf 74' lang='grc'>4,</span> <span class='ocrx_word' id='word_1_429' title='bbox 1859 2887 1916 2947; x_wconf 87' lang='lat' dir='ltr'><strong>D)</strong></span> <span class='ocrx_word' id='word_1_430' title='bbox 1933 2888 1970 2939; x_wconf 76' lang='lat'>&#39;²3</span> 
     </span>
     <span class='ocr_line' id='line_1_40' title="bbox 263 2964 1978 3024; baseline -0.001 -15"><span class='ocrx_word' id='word_1_431' title='bbox 263 2967 423 3023; x_wconf 78' lang='lat' dir='ltr'>ibique</span> <span class='ocrx_word' id='word_1_432' title='bbox 458 2966 690 3010; x_wconf 67' lang='lat' dir='ltr'>divertere</span> <span class='ocrx_word' id='word_1_433' title='bbox 718 2966 901 3011; x_wconf 67' lang='lat' dir='ltr'>valeant:</span> <span class='ocrx_word' id='word_1_434' title='bbox 931 2967 1019 3011; x_wconf 85' lang='lat' dir='ltr'>iter</span> <span class='ocrx_word' id='word_1_435' title='bbox 1056 2966 1287 3011; x_wconf 82' lang='lat' dir='ltr'>faciendo.</span> <span class='ocrx_word' id='word_1_436' title='bbox 1312 2965 1446 3024; x_wconf 63' lang='lat' dir='ltr'>(Cst.,</span> <span class='ocrx_word' id='word_1_437' title='bbox 1483 2965 1559 3021; x_wconf 76' lang='lat' dir='ltr'>VI,</span> <span class='ocrx_word' id='word_1_438' title='bbox 1591 2978 1640 3020; x_wconf 81' lang='lat'>11,</span> <span class='ocrx_word' id='word_1_439' title='bbox 1675 2964 1748 3023; x_wconf 69' lang='grc' dir='ltr'>(Σ.)</span> <span class='ocrx_word' id='word_1_440' title='bbox 1775 2965 1978 3009; x_wconf 72' lang='lat' dir='ltr'>Possunt</span> 
     </span>
     <span class='ocr_line' id='line_1_41' title="bbox 265 3043 1978 3103; baseline -0.001 -16"><span class='ocrx_word' id='word_1_441' title='bbox 265 3045 423 3099; x_wconf 81' lang='lat' dir='ltr'>etiam,</span> <span class='ocrx_word' id='word_1_442' title='bbox 463 3044 640 3102; x_wconf 83' lang='lat' dir='ltr'>absque</span> <span class='ocrx_word' id='word_1_443' title='bbox 681 3044 966 3102; x_wconf 80' lang='lat' dir='ltr'>paupertatis</span> <span class='ocrx_word' id='word_1_444' title='bbox 1007 3045 1309 3100; x_wconf 80' lang='lat' dir='ltr'>detrimento,</span> <span class='ocrx_word' id='word_1_445' title='bbox 1353 3043 1686 3103; x_wconf 29' lang='lat' dir='ltr'>Prol&#39;essi&#39;iter</span> <span class='ocrx_word' id='word_1_446' title='bbox 1725 3048 1914 3099; x_wconf 65' lang='lat' dir='ltr'>agentes</span> <span class='ocrx_word' id='word_1_447' title='bbox 1954 3058 1978 3086; x_wconf 79' lang='lat' dir='ltr'>a</span> 
     </span>
    </p>
   </div>
   <div class='ocr_carea' id='block_1_4' title="bbox 0 0 166 3366">
    <p class='ocr_par' dir='ltr' id='par_1_7' title="bbox 0 0 166 3366">
     <span class='ocr_line' id='line_1_42' title="bbox 0 0 166 3366; baseline 0 0"><span class='ocrx_word' id='word_1_448' title='bbox 0 0 166 3366; x_wconf 95' lang='lat' dir='ltr'> </span> 
     </span>
    </p>
   </div>
  </div>
 </body>
</html>
