2145 3366
942 272 1074 299 mmm
1084 272 1183 299 l-IN'l'i
1195 272 1218 299 A
1864 262 1940 300 11:37

222 452 406 488 lethalem
433 463 439 486 :
465 451 568 497 quod
590 451 783 486 accideret
807 451 1027 496 praesertim
1052 451 1083 486 si
1107 451 1197 496 quis
1219 454 1352 497 ageret
1373 461 1419 485 ex
1448 454 1674 496 contemptu
1706 451 1875 494 toi-mali,
1901 451 1941 486 in

223 522 299 558 quo
320 513 561 556 contemptu,
590 510 729 546 saltem
753 510 898 555 szepius
913 513 945 545 et
970 510 1219 553 regulariter.
1239 510 1349 546 adest
1373 513 1575 556 peccatum
1599 521 1742 555 grave:
1770 510 1941 546 maxime

223 571 256 607 si
276 571 542 607 contemnitur
562 580 639 606 non
662 573 741 605 tam
766 580 826 605 res
848 570 1040 615 imperata
1061 573 1129 605 aut
1152 570 1354 615 imperans
1379 572 1494 615 prout
1517 570 1650 614 aliqua
1677 580 1842 614 persona
1865 573 1937 612 est,

223 631 291 667 sed
318 631 518 676 imperans
544 632 660 676 prout
690 629 904 675 imperans.
936 629 1008 675 (Gi.
1044 629 1202 667 Suarez.
1237 632 1287 665 De
1317 629 1478 675 bessibus,
1514 629 1541 665 1.
1566 629 1631 671 ΙΙΙ,
1666 640 1696 665 c.
1724 640 1864 664 xxviu.
1893 651 1937 654 —

223 689 262 726 S.
287 689 431 736 Ligori,
455 690 482 725 l.
506 689 551 732 V,
576 699 615 725 n.
643 686 727 738 61.)

274 809 290 836 3
317 811 471 847 Scilicet
505 824 511 846 :
550 812 579 847 1⁰
609 811 839 847 Reservavit
871 811 910 847 C.
942 812 986 847 G.
1023 812 1067 847 V.
1104 811 1204 847 illud
1239 814 1442 857 peccatum
1477 810 1714 847 inobiendim
1745 821 1941 856 expressa}

220 872 324 918 quod
354 871 443 917 quis
471 871 685 907 asserendo
716 881 756 907 se
786 871 890 907 nolle
919 882 1055 917 parere
1086 871 1361 907 committeret.
1392 891 1438 896 —
1473 871 1598 916 Igitur
1629 871 1939 906 reservationem

220 931 388 967 incurrit
416 930 498 976 qui,
531 931 729 976 expressis
759 934 827 966 aut
859 931 1192 976 ¹‹equivalentibus
1225 930 1370 973 verbis,
1404 930 1548 966 asserit
1582 940 1622 966 se
1650 930 1753 965 nolle
1783 940 1934 976 parere,

221 987 289 1027 ubi
317 990 503 1036 Superior
531 1000 717 1035 expresse
747 994 815 1026 aut
842 991 1125 1036 aequivalenter
1157 989 1335 1036 praecipit
1365 990 1406 1025 in
1440 990 1588 1026 virtute
1623 989 1661 1025 S.
1701 989 1940 1026 Obedientiae

220 1050 426 1085 materiam
445 1050 625 1085 absolute
642 1052 709 1085 aut
732 1050 895 1085 relative
917 1060 1093 1095 gravem.

273 1121 310 1157 2⁰
328 1122 367 1157 P.
392 1121 565 1157 Caudius
596 1119 694 1169 (On.
720 1133 761 1159 11.
792 1120 869 1169 18),
904 1122 944 1157 in
978 1122 1051 1157 hac
1081 1121 1223 1167 Congr.
1248 1122 1278 1158 V
1312 1121 1577 1157 reservatione
1606 1121 1775 1157 includit
1805 1132 1939 1157 casum

218 1181 498 1226 Coadjutorum
514 1181 573 1216 vel
589 1181 758 1216 aliorum
774 1183 841 1226 qui
860 1182 962 1217 idem
986 1182 1271 1227 responderent
1295 1181 1480 1217 Ministro
1499 1181 1744 1227 praecipienti
1767 1181 1936 1227 aliquid,

218 1241 400 1286 quamvis
433 1241 517 1286 ipse
543 1244 712 1286 nequeat
746 1241 957 1286 pi·aecipe1·e
987 1242 1028 1276 in
1059 1241 1205 1276 virtute
1237 1241 1275 1276 S.
1311 1240 1551 1276 ObedIentiae
1586 1237 1818 1290 (subaudias
1843 1253 1851 1276 ;
1872 1241 1939 1277 ubi

219 1303 351 1335 tamen
372 1301 452 1335 haec
475 1300 679 1345 responsio
701 1301 886 1345 importet
904 1301 1061 1346 culpam
1083 1301 1278 1346 gravem.)
1295 1301 1414 1336 Porro
1431 1300 1551 1346 Cong.
1573 1300 1656 1343 VII,
1677 1300 1741 1344 45,
1767 1301 1939 1337 decrevit

219 1359 405 1395 standum
427 1369 512 1395 esse
534 1359 625 1395 huic
645 1359 885 1395 ordinationi
907 1361 967 1395 vel
997 1360 1256 1396 declarationi
1278 1360 1319 1395 P.
1352 1360 1521 1396 Claudii.
1546 1360 1710 1396 Videtur
1738 1370 1831 1406 ergo
1853 1371 1940 1396 sen-

220 1419 319 1455 sisse
349 1419 490 1465 Congr.
522 1420 588 1454 VII
616 1429 752 1455 casum
783 1419 955 1455 Ministri
986 1420 1067 1464 J'am
1101 1420 1225 1455 fuisse
1257 1423 1568 1465 preecontentum
1602 1420 1643 1455 in
1674 1420 1939 1456 reservatione

219 1489 241 1515 a
262 1478 381 1525 Cong.
403 1479 433 1515 V
454 1478 583 1516 edita:
609 1489 653 1514 ac
675 1479 841 1525 proinde
871 1479 1115 1515 intellexisse
1148 1489 1285 1515 casum
1307 1480 1347 1514 in
1374 1489 1517 1525 genere
1538 1480 1689 1515 incurri
1710 1480 1759 1515 ab
1780 1479 1848 1515 illo
1872 1480 1939 1526 qui

220 1538 421 1584 Superiori
450 1538 711 1585 praecipienfi,
736 1539 918 1585 quamvis
951 1539 1050 1575 torte
1080 1549 1159 1574 non
1191 1549 1237 1574 ex
1268 1539 1415 1574 virtute
1447 1539 1484 1574 S.
1519 1539 1772 1582 Obedientize,
1796 1540 1939 1575 asserit

219 1608 260 1634 se
281 1599 386 1634 nolle
406 1608 555 1644 parere,
582 1599 908 1644 quotiescumque
929 1599 1021 1634 talis
1043 1599 1211 1634 assertio
1233 1599 1351 1634 habet
1373 1599 1566 1634 rationem
1588 1599 1736 1644 peccati
1757 1599 1938 1634 mortalis

219 1658 497 1694 inobedientiae
528 1668 739 1704 expressae.
764 1658 929 1694 Videtur
951 1658 1052 1694 hanc
1080 1658 1274 1694 malitiam
1305 1658 1559 1701 constituere,
1584 1661 1621 1694 et
1642 1669 1722 1704 prae
1752 1659 1877 1694 oculis
1898 1659 1939 1694 in

221 1717 490 1754 reservatione
530 1718 690 1754 habitus
727 1717 868 1755 tuisse.
904 1721 1153 1763 contemptus
1187 1717 1366 1753 formalis
1403 1717 1443 1752 in
1481 1717 1550 1752 tali
1587 1717 1701 1762 culpa
1741 1717 1935 1754 inclusus.

220 1777 276 1813 Cf.
305 1778 424 1824 Lugo,
453 1774 523 1826 (De
544 1777 701 1819 Poenit.,
727 1778 809 1815 XX,
835 1788 888 1820 1v,
915 1776 995 1826 48),
1020 1777 1291 1822 disputantem
1322 1780 1459 1812 contra
1489 1777 1661 1812 Sanchez
1681 1774 1847 1825 (DecaL,
1870 1778 1934 1819 VI,

221 1837 257 1880 4,
282 1848 321 1873 n.
348 1835 429 1885 72),
453 1837 558 1883 quod
579 1837 679 1872 illud
698 1840 946 1883 contemptus
965 1840 1168 1882 peccatum
1189 1837 1330 1872 merito
1352 1837 1498 1872 dicitur
1519 1836 1799 1872 inobedientia.

273 1903 317 1938 Et
349 1902 608 1938 confirmatur
646 1913 694 1938 ex
733 1903 935 1948 responsis
975 1902 1242 1938 Generalium.
1286 1915 1301 1936 «
1347 1902 1516 1938 Tametsi
1555 1902 1866 1939 Constitutiones
1900 1907 1937 1939 et

220 1957 365 2003 regulae
395 1967 474 1992 non
505 1957 679 2002 obligent
710 1957 784 1992 sub
818 1957 991 1999 mortali,
1025 1956 1103 1992 nisi
1132 1956 1237 1992 adsit
1272 1959 1526 2002 przeceptum,
1561 1960 1619 1992 est
1653 1960 1786 1992 tamen
1818 1967 1934 1993 casus

219 2019 444 2052 reservatus
465 2015 755 2059 inobedientiae,
781 2016 813 2052 si
835 2016 924 2062 quis
947 2016 1066 2059 dicat,
1091 2019 1217 2059 etc...‚
1240 2026 1283 2051 eo
1304 2016 1409 2061 quod
1424 2026 1471 2051 ex
1487 2016 1524 2051 vi
1540 2017 1619 2052 voti
1642 2019 1678 2052 et
1702 2016 1934 2052 obedientiae

219 2076 456 2121 obligamur,
480 2076 598 2111 etiam
620 2076 773 2112 secluso
794 2079 1001 2122 praecepto,
1032 2086 1080 2111 ne
1102 2076 1352 2122 Superiorem
1384 2076 1444 2111 vel
1475 2076 1739 2111 obedientiam
1762 2079 1936 2112 contem-

219 2146 360 2171 namus
381 2136 485 2181 quod
508 2135 550 2170 in
573 2135 773 2181 proposito
793 2136 935 2171 accidit
961 2149 976 2169 »
999 2133 1137 2184 (1620,
1164 2135 1277 2177 1628,
1296 2136 1401 2181 apud
1423 2136 1463 2171 P.
1486 2135 1617 2177 Melot,
1637 2146 1675 2171 n.
1697 2135 1788 2178 439,
1811 2132 1830 2185 ξ
1855 2134 1934 2184 10).

218 2195 403 2231 Peccatur
423 2195 622 2230 lethaliter
649 2205 671 2230 a
692 2195 845 2231 dicente
869 2207 884 2229 «
909 2196 1000 2231 nolo
1021 2195 1148 2231 tacere
1173 2208 1188 2228 »
1215 2198 1373 2241 propter
1402 2198 1670 2240 contemptum
1694 2195 1933 2241 Superioris,

217 2255 336 2291 etiam
369 2254 521 2290 secluso
553 2254 660 2290 omni
694 2258 887 2301 praecepto
916 2252 972 2304 (a.
1013 2254 1138 2297 1611,
1182 2253 1323 2304 1652).
1364 2276 1411 2280 —
1447 2255 1543 2290 Item
1583 2265 1818 2300 responsum
1861 2256 1936 2292 fuit

218 2315 382 2357 incurri,
397 2314 553 2350 etiamsi
565 2314 823 2350 mandaretur
838 2325 900 2351 res
916 2315 1346 2357 levis,reservationem
1361 2315 1410 2350 ob
1425 2317 1694 2360 contemptum
1710 2314 1933 2360 Superioris

217 2375 339 2410 latam
362 2372 413 2423 (a.
440 2372 572 2424 1615).
595 2393 649 2401 -
669 2374 810 2410 Utrum
836 2385 927 2410 vero
953 2375 1240 2418 incurreretur,
1271 2375 1304 2410 si
1335 2377 1539 2421 peccatum
1569 2384 1690 2421 grave
1721 2377 1825 2411 esset
1856 2385 1936 2412 non

218 2444 265 2470 ex
282 2436 522 2480 contemptu,
546 2434 614 2470 sed
635 2434 810 2477 aliunde,
834 2445 871 2470 v.
895 2444 932 2481 g.
958 2434 1159 2478 scandalo,
1180 2435 1357 2480 expende
1378 2435 1498 2471 verba
1519 2435 1814 2471 reservationis.

272 2505 308 2541 3Ω
330 2506 551 2541 Incurritur
579 2515 659 2541 non
688 2505 817 2541 solum
846 2516 868 2542 a
899 2505 1218 2552 Coadjutoribus,
1244 2507 1312 2542 sed
1343 2506 1462 2542 etiam
1493 2507 1543 2542 ab
1575 2506 1665 2542 aliis
1690 2518 1697 2542 z
1722 2506 1795 2542 etsi
1827 2508 1931 2543 enim

218 2565 359 2611 Congr.
388 2566 455 2600 VII
486 2568 523 2601 et
553 2565 617 2601 Or.
651 2575 679 2600 11
709 2565 963 2611 coadjutores
994 2566 1218 2611 specialiter
1250 2566 1517 2609 meminerint,
1543 2567 1661 2602 ceteri
1690 2577 1769 2602 non
1800 2567 1932 2602 exclu-

218 2625 368 2661 duntur
395 2625 463 2660 sed
493 2624 698 2660 indefinite
726 2625 1006 2671 exprimuntur
1035 2628 1071 2661 et
1102 2627 1382 2672 supponuntur
1413 2623 1469 2675 (a.
1509 2626 1624 2670 1628,
1663 2626 1780 2670 1613,
1814 2626 1930 2669 1641,

222 2684 337 2727 1642,
366 2681 500 2734 1646).

274 2756 309 2792 4ο
329 2756 412 2792 Non
436 2759 567 2792 tamen
593 2756 812 2792 incurritur
833 2757 867 2792 si
886 2757 927 2793 id
954 2756 1222 2794 Subministro
1252 2757 1422 2797 dicatur,
1447 2757 1536 2792 licet
1567 2757 1629 2793 hic
1661 2757 1712 2794 sit
1744 2758 1931 2804 Superior

217 2812 260 2864 (i.
278 2825 311 2851 e.
329 2826 408 2851 non
430 2814 696 2865 sacerdotum)
719 2813 774 2861 (a.
795 2815 914 2866 1584)
931 2829 938 2860 ;
956 2827 1000 2853 eo
1022 2818 1127 2862 quod
1146 2818 1313 2853 fortasse
1336 2817 1601 2852 Subminister
1620 2827 1698 2852 non
1721 2817 1771 2853 sit
1792 2827 1839 2853 ex
1860 2828 1931 2854 suo

218 2875 358 2918 officio,
383 2876 483 2911 sicut
513 2879 571 2911 est
601 2876 793 2914 Minister,
825 2877 938 2922 quasi
968 2887 1137 2922 persona
1166 2877 1328 2912 moralis
1359 2877 1549 2912 Rectoris.
1575 2877 1681 2912 Idem
1715 2878 1928 2913 tenendum

219 2935 265 2970 de
286 2935 456 2981 Regente
473 2935 682 2971 Convictus
704 2936 771 2981 qui
790 2946 869 2972 non
888 2939 990 2972 esset
1012 2936 1198 2983 Superior
1217 2936 1422 2973 Societatis
1444 2933 1499 2985 (a.
1530 2936 1666 2986 1647).

274 3006 310 3042 5⁰
339 3006 503 3042 Videtur
535 3007 737 3043 incurrere
766 3008 833 3054 qui
864 3008 1046 3044 Ministro
1078 3018 1157 3044 non
1191 3018 1387 3055 expresse,
1420 3008 1487 3044 sed
1510 3008 1806 3054 aequivalenter,
1832 3009 1928 3045 dicit
