<?xml version="1.0" encoding="UTF-8"?>
<!DOCTYPE html PUBLIC "-//W3C//DTD XHTML 1.0 Transitional//EN"
    "http://www.w3.org/TR/xhtml1/DTD/xhtml1-transitional.dtd">
<html xmlns="http://www.w3.org/1999/xhtml" xml:lang="en" lang="en">
 <head>
  <title>
</title>
<meta http-equiv="Content-Type" content="text/html;charset=utf-8" />
  <meta name='ocr-system' content='tesseract 3.04.00' />
  <meta name='ocr-capabilities' content='ocr_page ocr_carea ocr_par ocr_line ocrx_word'/>
</head>
<body>
  <div class='ocr_page' id='page_1' title='image "./compendiuminstit00rami_0089.png"; bbox 0 0 2145 3366; ppageno 0'>
   <div class='ocr_carea' id='block_1_1' title="bbox 0 1084 29 1169">
    <p class='ocr_par' dir='ltr' id='par_1_1' title="bbox 0 1084 29 1169">
     <span class='ocr_line' id='line_1_1' title="bbox 1 1084 28 1109; baseline 0.074 -2"><span class='ocrx_word' id='word_1_1' title='bbox 1 1084 28 1109; x_wconf 62' lang='lat' dir='ltr'>t&#39;lll</span> 
     </span>
     <span class='ocr_line' id='line_1_2' title="bbox 0 1135 29 1169; baseline 0.034 -1"><span class='ocrx_word' id='word_1_2' title='bbox 0 1135 29 1169; x_wconf 65' lang='lat' dir='ltr'>siis</span> 
     </span>
    </p>
   </div>
   <div class='ocr_carea' id='block_1_2' title="bbox 13 1350 31 1379">
    <p class='ocr_par' dir='ltr' id='par_1_2' title="bbox 13 1350 31 1379">
     <span class='ocr_line' id='line_1_3' title="bbox 13 1350 31 1379; baseline 0 0"><span class='ocrx_word' id='word_1_3' title='bbox 13 1350 31 1379; x_wconf 64' lang='lat' dir='ltr'>le</span> 
     </span>
    </p>
   </div>
   <div class='ocr_carea' id='block_1_3' title="bbox 0 1350 8 1925">
    <p class='ocr_par' dir='ltr' id='par_1_3' title="bbox 0 1350 8 1925">
     <span class='ocr_line' id='line_1_4' title="bbox 0 1350 8 1925; baseline 0 0"><span class='ocrx_word' id='word_1_4' title='bbox 0 1350 8 1925; x_wconf 95' lang='lat' dir='ltr'> </span> 
     </span>
    </p>
   </div>
   <div class='ocr_carea' id='block_1_4' title="bbox 7 1351 16 1925">
    <p class='ocr_par' dir='ltr' id='par_1_4' title="bbox 7 1351 16 1925">
     <span class='ocr_line' id='line_1_5' title="bbox 7 1351 16 1925; baseline 0 0"><span class='ocrx_word' id='word_1_5' title='bbox 7 1351 16 1925; x_wconf 95' lang='lat' dir='ltr'> </span> 
     </span>
    </p>
   </div>
   <div class='ocr_carea' id='block_1_5' title="bbox 0 2405 55 3366">
    <p class='ocr_par' dir='ltr' id='par_1_5' title="bbox 0 2405 55 3366">
     <span class='ocr_line' id='line_1_6' title="bbox 0 2405 55 3366; baseline 0 0"><span class='ocrx_word' id='word_1_6' title='bbox 0 2405 55 3366; x_wconf 95' lang='lat' dir='ltr'> </span> 
     </span>
    </p>
   </div>
   <div class='ocr_carea' id='block_1_6' title="bbox 688 266 1936 305">
    <p class='ocr_par' dir='ltr' id='par_1_6' title="bbox 688 266 1936 305">
     <span class='ocr_line' id='line_1_7' title="bbox 688 266 1936 305; baseline -0.005 0"><span class='ocrx_word' id='word_1_7' title='bbox 688 276 951 305; x_wconf 60' lang='lat' dir='ltr'>inwi‘icu&#39;txxs</span> <span class='ocrx_word' id='word_1_8' title='bbox 985 277 1037 303; x_wconf 68' lang='lat' dir='ltr'>ux</span> <span class='ocrx_word' id='word_1_9' title='bbox 1075 276 1189 302; x_wconf 73' lang='lat' dir='ltr'>voro</span> <span class='ocrx_word' id='word_1_10' title='bbox 1225 275 1267 302; x_wconf 60' lang='lat' dir='ltr'>ix</span> <span class='ocrx_word' id='word_1_11' title='bbox 1301 275 1478 302; x_wconf 57' lang='grc' dir='ltr'>ιιιῡκιῦιυς</span> <span class='ocrx_word' id='word_1_12' title='bbox 1885 266 1936 300; x_wconf 62' lang='lat'>823</span> 
     </span>
    </p>
   </div>
   <div class='ocr_carea' id='block_1_7' title="bbox 353 370 863 374">
    <p class='ocr_par' dir='ltr' id='par_1_7' title="bbox 353 370 863 374">
     <span class='ocr_line' id='line_1_8' title="bbox 353 370 863 374; baseline 0 0"><span class='ocrx_word' id='word_1_13' title='bbox 353 370 863 374; x_wconf 95' lang='lat' dir='ltr'> </span> 
     </span>
    </p>
   </div>
   <div class='ocr_carea' id='block_1_8' title="bbox 1122 365 1931 372">
    <p class='ocr_par' dir='ltr' id='par_1_8' title="bbox 1122 365 1931 372">
     <span class='ocr_line' id='line_1_9' title="bbox 1122 365 1931 372; baseline 0 0"><span class='ocrx_word' id='word_1_14' title='bbox 1122 365 1931 372; x_wconf 95' lang='lat' dir='ltr'> </span> 
     </span>
    </p>
   </div>
   <div class='ocr_carea' id='block_1_9' title="bbox 233 453 1937 561">
    <p class='ocr_par' dir='ltr' id='par_1_9' title="bbox 233 453 1937 561">
     <span class='ocr_line' id='line_1_10' title="bbox 235 453 1937 503; baseline -0.004 -9"><span class='ocrx_word' id='word_1_15' title='bbox 235 459 404 494; x_wconf 82' lang='lat' dir='ltr'>maxime</span> <span class='ocrx_word' id='word_1_16' title='bbox 422 458 550 503; x_wconf 80' lang='lat' dir='ltr'>quoad</span> <span class='ocrx_word' id='word_1_17' title='bbox 573 460 751 503; x_wconf 86' lang='lat' dir='ltr'>poemata</span> <span class='ocrx_word' id='word_1_18' title='bbox 773 459 809 491; x_wconf 93' lang='lat' dir='ltr'>et</span> <span class='ocrx_word' id='word_1_19' title='bbox 832 455 992 492; x_wconf 83' lang='lat' dir='ltr'>similia.</span> <span class='ocrx_word' id='word_1_20' title='bbox 1026 466 1112 500; x_wconf 73' lang='lat' dir='ltr'>qua¹</span> <span class='ocrx_word' id='word_1_21' title='bbox 1134 454 1165 489; x_wconf 88' lang='lat' dir='ltr'>si</span> <span class='ocrx_word' id='word_1_22' title='bbox 1189 455 1262 489; x_wconf 86' lang='lat' dir='ltr'>sibi</span> <span class='ocrx_word' id='word_1_23' title='bbox 1290 457 1425 488; x_wconf 86' lang='lat' dir='ltr'>mutuo</span> <span class='ocrx_word' id='word_1_24' title='bbox 1457 453 1634 497; x_wconf 68' lang='lat' dir='ltr'>Magistri</span> <span class='ocrx_word' id='word_1_25' title='bbox 1656 454 1814 488; x_wconf 78' lang='lat' dir='ltr'>donent.</span> <span class='ocrx_word' id='word_1_26' title='bbox 1837 453 1937 487; x_wconf 75' lang='lat' dir='ltr'>‹lesi-</span> 
     </span>
     <span class='ocr_line' id='line_1_11' title="bbox 233 514 1343 561; baseline -0.005 -8"><span class='ocrx_word' id='word_1_27' title='bbox 233 519 297 554; x_wconf 82' lang='lat' dir='ltr'>‹lia</span> <span class='ocrx_word' id='word_1_28' title='bbox 318 519 429 553; x_wconf 90' lang='lat' dir='ltr'>alunt</span> <span class='ocrx_word' id='word_1_29' title='bbox 451 521 487 553; x_wconf 81' lang='lat' dir='ltr'>ct</span> <span class='ocrx_word' id='word_1_30' title='bbox 509 517 774 561; x_wconf 61' lang='lat' dir='ltr'>ignorantiam</span> <span class='ocrx_word' id='word_1_31' title='bbox 800 515 900 549; x_wconf 84' lang='lat' dir='ltr'>male</span> <span class='ocrx_word' id='word_1_32' title='bbox 923 517 1059 558; x_wconf 71' lang='lat' dir='ltr'>tegunt</span> <span class='ocrx_word' id='word_1_33' title='bbox 1081 514 1130 559; x_wconf 70' lang='lat' dir='ltr'>(b.</span> <span class='ocrx_word' id='word_1_34' title='bbox 1153 515 1190 559; x_wconf 67' lang='lat'>·{·,</span> <span class='ocrx_word' id='word_1_35' title='bbox 1217 514 1343 551; x_wconf 64' lang='lat' dir='ltr'>tosio).</span> 
     </span>
    </p>
   </div>
   <div class='ocr_carea' id='block_1_10' title="bbox 236 590 1952 1531">
    <p class='ocr_par' dir='ltr' id='par_1_10' title="bbox 236 590 1952 1531">
     <span class='ocr_line' id='line_1_12' title="bbox 287 590 1936 636; baseline -0.003 -5"><span class='ocrx_word' id='word_1_36' title='bbox 287 593 303 620; x_wconf 68' lang='lat'>2</span> <span class='ocrx_word' id='word_1_37' title='bbox 325 596 426 631; x_wconf 82' lang='lat' dir='ltr'>Usus</span> <span class='ocrx_word' id='word_1_38' title='bbox 456 595 627 629; x_wconf 77' lang='lat' dir='ltr'>clavium</span> <span class='ocrx_word' id='word_1_39' title='bbox 650 594 697 628; x_wconf 81' lang='lat' dir='ltr'>ad</span> <span class='ocrx_word' id='word_1_40' title='bbox 721 592 902 627; x_wconf 86' lang='lat' dir='ltr'>cubicula</span> <span class='ocrx_word' id='word_1_41' title='bbox 935 592 1119 636; x_wconf 81' lang='lat' dir='ltr'>competit</span> <span class='ocrx_word' id='word_1_42' title='bbox 1153 591 1246 627; x_wconf 77' lang='lat' dir='ltr'>solis</span> <span class='ocrx_word' id='word_1_43' title='bbox 1281 590 1572 635; x_wconf 57' lang='lat' dir='ltr'>Superisnibus.</span> <span class='ocrx_word' id='word_1_44' title='bbox 1599 590 1936 626; x_wconf 69' lang='lat' dir='ltr'>l‘rocuramribus.</span> 
     </span>
     <span class='ocr_line' id='line_1_13' title="bbox 236 649 1938 695; baseline -0.005 -5"><span class='ocrx_word' id='word_1_45' title='bbox 236 655 546 690; x_wconf 84' lang='lat' dir='ltr'>Instructoribus</span> <span class='ocrx_word' id='word_1_46' title='bbox 561 653 664 688; x_wconf 87' lang='lat' dir='ltr'>tertii</span> <span class='ocrx_word' id='word_1_47' title='bbox 681 652 790 689; x_wconf 82' lang='lat' dir='ltr'>anui,</span> <span class='ocrx_word' id='word_1_48' title='bbox 807 651 1007 695; x_wconf 56' lang='lat' dir='ltr'>Mag-istus</span> <span class='ocrx_word' id='word_1_49' title='bbox 1020 651 1262 686; x_wconf 75' lang='lat' dir='ltr'>Noritioruui</span> <span class='ocrx_word' id='word_1_50' title='bbox 1280 654 1315 685; x_wconf 81' lang='lat' dir='ltr'>et</span> <span class='ocrx_word' id='word_1_51' title='bbox 1332 650 1454 685; x_wconf 80' lang='lat' dir='ltr'>Sociis</span> <span class='ocrx_word' id='word_1_52' title='bbox 1470 649 1724 684; x_wconf 74' lang='lat' dir='ltr'>Provincialis</span> <span class='ocrx_word' id='word_1_53' title='bbox 1738 653 1790 693; x_wconf 82' lang='grc'>(11.</span> <span class='ocrx_word' id='word_1_54' title='bbox 1811 649 1938 693; x_wconf 66' lang='grc'>1625),</span> 
     </span>
     <span class='ocr_line' id='line_1_14' title="bbox 236 708 1943 757; baseline -0.005 -7"><span class='ocrx_word' id='word_1_55' title='bbox 236 715 326 750; x_wconf 85' lang='lat' dir='ltr'>item</span> <span class='ocrx_word' id='word_1_56' title='bbox 350 713 556 748; x_wconf 83' lang='lat' dir='ltr'>Ministris.</span> <span class='ocrx_word' id='word_1_57' title='bbox 582 713 635 757; x_wconf 76' lang='lat' dir='ltr'>(a.</span> <span class='ocrx_word' id='word_1_58' title='bbox 669 711 797 756; x_wconf 71' lang='grc'>11303.)</span> <span class='ocrx_word' id='word_1_59' title='bbox 815 711 865 745; x_wconf 85' lang='lat' dir='ltr'>lis</span> <span class='ocrx_word' id='word_1_60' title='bbox 897 710 963 755; x_wconf 86' lang='lat' dir='ltr'>qui</span> <span class='ocrx_word' id='word_1_61' title='bbox 996 710 1118 745; x_wconf 85' lang='lat' dir='ltr'>libros</span> <span class='ocrx_word' id='word_1_62' title='bbox 1140 710 1358 755; x_wconf 84' lang='lat' dir='ltr'>prohibitos</span> <span class='ocrx_word' id='word_1_63' title='bbox 1381 710 1433 754; x_wconf 78' lang='grc' dir='ltr'>((ι.</span> <span class='ocrx_word' id='word_1_64' title='bbox 1467 708 1577 753; x_wconf 63' lang='lat'>1593)</span> <span class='ocrx_word' id='word_1_65' title='bbox 1609 719 1686 743; x_wconf 91' lang='lat' dir='ltr'>non</span> <span class='ocrx_word' id='word_1_66' title='bbox 1714 708 1871 754; x_wconf 78' lang='lat' dir='ltr'>quidem</span> <span class='ocrx_word' id='word_1_67' title='bbox 1894 709 1943 743; x_wconf 83' lang='lat' dir='ltr'>ad</span> 
     </span>
     <span class='ocr_line' id='line_1_15' title="bbox 237 768 1943 817; baseline -0.004 -9"><span class='ocrx_word' id='word_1_68' title='bbox 237 774 352 808; x_wconf 78' lang='lat' dir='ltr'>breve</span> <span class='ocrx_word' id='word_1_69' title='bbox 371 776 525 817; x_wconf 76' lang='lat' dir='ltr'>tenipus</span> <span class='ocrx_word' id='word_1_70' title='bbox 547 772 614 806; x_wconf 84' lang='lat' dir='ltr'>sed</span> <span class='ocrx_word' id='word_1_71' title='bbox 636 770 842 807; x_wconf 73' lang='lat' dir='ltr'><em>ordinarie</em></span> <span class='ocrx_word' id='word_1_72' title='bbox 864 770 1008 805; x_wconf 80' lang='lat' dir='ltr'>liabent</span> <span class='ocrx_word' id='word_1_73' title='bbox 1030 773 1097 804; x_wconf 85' lang='lat' dir='ltr'>aut</span> <span class='ocrx_word' id='word_1_74' title='bbox 1120 770 1265 814; x_wconf 88' lang='lat' dir='ltr'>scripta</span> <span class='ocrx_word' id='word_1_75' title='bbox 1288 772 1449 806; x_wconf 72' lang='lat' dir='ltr'>secreta,</span> <span class='ocrx_word' id='word_1_76' title='bbox 1470 770 1635 813; x_wconf 75' lang='lat' dir='ltr'>possunt</span> <span class='ocrx_word' id='word_1_77' title='bbox 1667 768 1826 803; x_wconf 82' lang='lat' dir='ltr'>concedi</span> <span class='ocrx_word' id='word_1_78' title='bbox 1850 768 1943 802; x_wconf 83' lang='lat' dir='ltr'>scri-</span> 
     </span>
     <span class='ocr_line' id='line_1_16' title="bbox 237 827 1944 875; baseline -0.004 -7"><span class='ocrx_word' id='word_1_79' title='bbox 237 833 301 868; x_wconf 89' lang='lat' dir='ltr'>nia</span> <span class='ocrx_word' id='word_1_80' title='bbox 332 833 479 874; x_wconf 87' lang='lat' dir='ltr'>clausa,</span> <span class='ocrx_word' id='word_1_81' title='bbox 516 832 633 866; x_wconf 88' lang='lat' dir='ltr'>itaut</span> <span class='ocrx_word' id='word_1_82' title='bbox 666 830 852 875; x_wconf 87' lang='lat' dir='ltr'>Superior</span> <span class='ocrx_word' id='word_1_83' title='bbox 886 830 1027 864; x_wconf 80' lang='lat' dir='ltr'>habeat</span> <span class='ocrx_word' id='word_1_84' title='bbox 1060 829 1207 863; x_wconf 73' lang='lat' dir='ltr'>clavem</span> <span class='ocrx_word' id='word_1_85' title='bbox 1243 830 1295 873; x_wconf 80' lang='grc'>((1.</span> <span class='ocrx_word' id='word_1_86' title='bbox 1328 828 1442 873; x_wconf 79' lang='grc'>1632)</span> <span class='ocrx_word' id='word_1_87' title='bbox 1473 848 1522 852; x_wconf 92' lang='grc'><strong>-</strong></span> <span class='ocrx_word' id='word_1_88' title='bbox 1553 827 1595 863; x_wconf 89' lang='lat' dir='ltr'>it.</span> <span class='ocrx_word' id='word_1_89' title='bbox 1621 828 1668 862; x_wconf 81' lang='lat' dir='ltr'>de</span> <span class='ocrx_word' id='word_1_90' title='bbox 1702 828 1770 862; x_wconf 87' lang='lat' dir='ltr'>PP.</span> <span class='ocrx_word' id='word_1_91' title='bbox 1796 827 1944 862; x_wconf 86' lang='lat' dir='ltr'>Aulicis</span> 
     </span>
     <span class='ocr_line' id='line_1_17' title="bbox 238 887 1945 937; baseline -0.004 -11"><span class='ocrx_word' id='word_1_92' title='bbox 238 900 290 937; x_wconf 75' lang='lat' dir='ltr'>(a.</span> <span class='ocrx_word' id='word_1_93' title='bbox 322 891 448 936; x_wconf 69' lang='lat'>1631).</span> <span class='ocrx_word' id='word_1_94' title='bbox 478 903 492 924; x_wconf 89' lang='lat'>«</span> <span class='ocrx_word' id='word_1_95' title='bbox 519 891 652 925; x_wconf 87' lang='lat' dir='ltr'>Potius</span> <span class='ocrx_word' id='word_1_96' title='bbox 676 890 879 924; x_wconf 78' lang='lat' dir='ltr'>terendum</span> <span class='ocrx_word' id='word_1_97' title='bbox 902 889 1062 933; x_wconf 76' lang='lat' dir='ltr'>aliquod</span> <span class='ocrx_word' id='word_1_98' title='bbox 1085 889 1273 923; x_wconf 82' lang='lat' dir='ltr'>damnum</span> <span class='ocrx_word' id='word_1_99' title='bbox 1302 899 1420 933; x_wconf 84' lang='lat' dir='ltr'>quam</span> <span class='ocrx_word' id='word_1_100' title='bbox 1449 887 1678 922; x_wconf 73' lang='lat' dir='ltr'>inferendus</span> <span class='ocrx_word' id='word_1_101' title='bbox 1702 887 1945 931; x_wconf 74' lang='lat' dir='ltr'>privatorum</span> 
     </span>
     <span class='ocr_line' id='line_1_18' title="bbox 238 946 1944 993; baseline -0.003 -8"><span class='ocrx_word' id='word_1_102' title='bbox 238 951 407 986; x_wconf 76' lang='lat' dir='ltr'>clavium</span> <span class='ocrx_word' id='word_1_103' title='bbox 431 960 526 985; x_wconf 87' lang='lat' dir='ltr'>usus</span> <span class='ocrx_word' id='word_1_104' title='bbox 548 963 561 979; x_wconf 59' lang='grc' dir='ltr'>»ν</span> <span class='ocrx_word' id='word_1_105' title='bbox 592 957 644 988; x_wconf 76' lang='lat' dir='ltr'>(a.</span> <span class='ocrx_word' id='word_1_106' title='bbox 671 948 783 987; x_wconf 70' lang='lat'>1584,</span> <span class='ocrx_word' id='word_1_107' title='bbox 812 948 938 992; x_wconf 74' lang='lat'>1587).</span> <span class='ocrx_word' id='word_1_108' title='bbox 967 961 981 980; x_wconf 86' lang='lat'>«</span> <span class='ocrx_word' id='word_1_109' title='bbox 1009 948 1158 993; x_wconf 82' lang='lat' dir='ltr'>Siquid</span> <span class='ocrx_word' id='word_1_110' title='bbox 1184 947 1414 993; x_wconf 81' lang='lat' dir='ltr'>diligentius</span> <span class='ocrx_word' id='word_1_111' title='bbox 1436 947 1738 982; x_wconf 83' lang='lat' dir='ltr'>custodiendum</span> <span class='ocrx_word' id='word_1_112' title='bbox 1760 946 1944 988; x_wconf 86' lang='lat' dir='ltr'>habeant,</span> 
     </span>
     <span class='ocr_line' id='line_1_19' title="bbox 238 1006 1948 1050; baseline -0.003 -5"><span class='ocrx_word' id='word_1_113' title='bbox 238 1010 337 1046; x_wconf 84' lang='lat' dir='ltr'>illud</span> <span class='ocrx_word' id='word_1_114' title='bbox 367 1010 416 1045; x_wconf 89' lang='lat' dir='ltr'>ad</span> <span class='ocrx_word' id='word_1_115' title='bbox 436 1010 477 1044; x_wconf 89' lang='lat' dir='ltr'>P.</span> <span class='ocrx_word' id='word_1_116' title='bbox 499 1009 727 1044; x_wconf 83' lang='lat' dir='ltr'>Ministrum</span> <span class='ocrx_word' id='word_1_117' title='bbox 761 1008 940 1043; x_wconf 79' lang='lat' dir='ltr'>delerant</span> <span class='ocrx_word' id='word_1_118' title='bbox 967 1007 1015 1042; x_wconf 87' lang='lat' dir='ltr'>ad</span> <span class='ocrx_word' id='word_1_119' title='bbox 1050 1007 1304 1048; x_wconf 74' lang='lat' dir='ltr'>servandum,</span> <span class='ocrx_word' id='word_1_120' title='bbox 1341 1010 1383 1042; x_wconf 91' lang='lat' dir='ltr'>ut</span> <span class='ocrx_word' id='word_1_121' title='bbox 1414 1006 1513 1041; x_wconf 89' lang='lat' dir='ltr'>nihil</span> <span class='ocrx_word' id='word_1_122' title='bbox 1547 1016 1704 1041; x_wconf 86' lang='lat' dir='ltr'>necesse</span> <span class='ocrx_word' id='word_1_123' title='bbox 1738 1006 1788 1040; x_wconf 88' lang='lat' dir='ltr'>sit</span> <span class='ocrx_word' id='word_1_124' title='bbox 1822 1016 1948 1050; x_wconf 78' lang='lat' dir='ltr'>neque</span> 
     </span>
     <span class='ocr_line' id='line_1_20' title="bbox 239 1064 1945 1115; baseline -0.004 -10"><span class='ocrx_word' id='word_1_125' title='bbox 239 1073 443 1115; x_wconf 86' lang='lat' dir='ltr'>propterea</span> <span class='ocrx_word' id='word_1_126' title='bbox 473 1068 654 1114; x_wconf 81' lang='lat' dir='ltr'>expediat</span> <span class='ocrx_word' id='word_1_127' title='bbox 685 1067 866 1102; x_wconf 85' lang='lat' dir='ltr'>eubiculo</span> <span class='ocrx_word' id='word_1_128' title='bbox 890 1077 1039 1102; x_wconf 88' lang='lat' dir='ltr'>serram</span> <span class='ocrx_word' id='word_1_129' title='bbox 1061 1077 1256 1112; x_wconf 86' lang='lat' dir='ltr'>apponere</span> <span class='ocrx_word' id='word_1_130' title='bbox 1283 1080 1295 1097; x_wconf 70' lang='grc' dir='ltr'>»ι</span> <span class='ocrx_word' id='word_1_131' title='bbox 1324 1070 1377 1111; x_wconf 73' lang='lat' dir='ltr'>(a.</span> <span class='ocrx_word' id='word_1_132' title='bbox 1412 1066 1461 1101; x_wconf 84' lang='lat' dir='ltr'>ad</span> <span class='ocrx_word' id='word_1_133' title='bbox 1484 1077 1520 1101; x_wconf 81' lang='lat' dir='ltr'>v.</span> <span class='ocrx_word' id='word_1_134' title='bbox 1548 1065 1756 1102; x_wconf 73' lang='lat' dir='ltr'>Clau-sura.</span> <span class='ocrx_word' id='word_1_135' title='bbox 1792 1076 1831 1100; x_wconf 91' lang='lat' dir='ltr'>n.</span> <span class='ocrx_word' id='word_1_136' title='bbox 1868 1064 1945 1109; x_wconf 56' lang='lat'>111).</span> 
     </span>
     <span class='ocr_line' id='line_1_21' title="bbox 245 1124 1948 1172; baseline -0.002 -11"><span class='ocrx_word' id='word_1_137' title='bbox 245 1143 258 1162; x_wconf 85' lang='lat'>»</span> <span class='ocrx_word' id='word_1_138' title='bbox 293 1129 496 1164; x_wconf 83' lang='lat' dir='ltr'>Clausurae</span> <span class='ocrx_word' id='word_1_139' title='bbox 518 1127 752 1163; x_wconf 83' lang='lat' dir='ltr'>scriniorum</span> <span class='ocrx_word' id='word_1_140' title='bbox 784 1127 1054 1172; x_wconf 78' lang='lat' dir='ltr'>posthabenda</span> <span class='ocrx_word' id='word_1_141' title='bbox 1077 1127 1216 1171; x_wconf 83' lang='lat' dir='ltr'>quavis</span> <span class='ocrx_word' id='word_1_142' title='bbox 1238 1126 1487 1161; x_wconf 81' lang='lat' dir='ltr'>incommoda</span> <span class='ocrx_word' id='word_1_143' title='bbox 1512 1139 1525 1158; x_wconf 83' lang='lat'>&gt;›</span> <span class='ocrx_word' id='word_1_144' title='bbox 1552 1126 1604 1170; x_wconf 73' lang='lat' dir='ltr'>(a.</span> <span class='ocrx_word' id='word_1_145' title='bbox 1637 1124 1762 1170; x_wconf 74' lang='lat'>1595).</span> <span class='ocrx_word' id='word_1_146' title='bbox 1797 1125 1835 1159; x_wconf 90' lang='lat' dir='ltr'>Si</span> <span class='ocrx_word' id='word_1_147' title='bbox 1863 1124 1948 1169; x_wconf 90' lang='lat' dir='ltr'>qui-</span> 
     </span>
     <span class='ocr_line' id='line_1_22' title="bbox 241 1184 1946 1233; baseline -0.003 -9"><span class='ocrx_word' id='word_1_148' title='bbox 241 1188 407 1224; x_wconf 84' lang='lat' dir='ltr'>busdam</span> <span class='ocrx_word' id='word_1_149' title='bbox 442 1187 695 1233; x_wconf 74' lang='lat' dir='ltr'>permittatur</span> <span class='ocrx_word' id='word_1_150' title='bbox 725 1186 861 1223; x_wconf 75' lang='lat' dir='ltr'>clavis,</span> <span class='ocrx_word' id='word_1_151' title='bbox 895 1186 1060 1221; x_wconf 88' lang='lat' dir='ltr'>alteram</span> <span class='ocrx_word' id='word_1_152' title='bbox 1100 1186 1242 1221; x_wconf 84' lang='lat' dir='ltr'>habeat</span> <span class='ocrx_word' id='word_1_153' title='bbox 1279 1185 1465 1230; x_wconf 74' lang='lat' dir='ltr'>Superior</span> <span class='ocrx_word' id='word_1_154' title='bbox 1492 1185 1545 1230; x_wconf 82' lang='lat' dir='ltr'>(a.</span> <span class='ocrx_word' id='word_1_155' title='bbox 1575 1184 1673 1219; x_wconf 75' lang='lat'>1595</span> <span class='ocrx_word' id='word_1_156' title='bbox 1701 1187 1739 1219; x_wconf 90' lang='lat' dir='ltr'>et</span> <span class='ocrx_word' id='word_1_157' title='bbox 1769 1184 1946 1229; x_wconf 90' lang='lat' dir='ltr'>pluries).</span> 
     </span>
     <span class='ocr_line' id='line_1_23' title="bbox 241 1244 1950 1291; baseline -0.002 -9"><span class='ocrx_word' id='word_1_158' title='bbox 241 1248 312 1291; x_wconf 85' lang='lat' dir='ltr'>Qui</span> <span class='ocrx_word' id='word_1_159' title='bbox 335 1257 425 1282; x_wconf 76' lang='lat' dir='ltr'>vero</span> <span class='ocrx_word' id='word_1_160' title='bbox 446 1247 596 1282; x_wconf 88' lang='lat' dir='ltr'>ratione</span> <span class='ocrx_word' id='word_1_161' title='bbox 615 1246 730 1281; x_wconf 78' lang='lat' dir='ltr'>oflicii</span> <span class='ocrx_word' id='word_1_162' title='bbox 754 1249 922 1280; x_wconf 89' lang='lat' dir='ltr'>utuntur</span> <span class='ocrx_word' id='word_1_163' title='bbox 943 1246 1058 1287; x_wconf 76' lang='lat' dir='ltr'>clavi,</span> <span class='ocrx_word' id='word_1_164' title='bbox 1089 1245 1278 1280; x_wconf 87' lang='lat' dir='ltr'>obeuntes</span> <span class='ocrx_word' id='word_1_165' title='bbox 1310 1245 1535 1280; x_wconf 76' lang='lat' dir='ltr'>cubiculum</span> <span class='ocrx_word' id='word_1_166' title='bbox 1557 1244 1758 1286; x_wconf 79' lang='lat' dir='ltr'>claudant,</span> <span class='ocrx_word' id='word_1_167' title='bbox 1784 1244 1852 1279; x_wconf 90' lang='lat' dir='ltr'>sed</span> <span class='ocrx_word' id='word_1_168' title='bbox 1873 1244 1950 1279; x_wconf 87' lang='lat' dir='ltr'>cla-</span> 
     </span>
     <span class='ocr_line' id='line_1_24' title="bbox 242 1304 1951 1350; baseline -0.002 -9"><span class='ocrx_word' id='word_1_169' title='bbox 242 1317 328 1342; x_wconf 79' lang='lat' dir='ltr'>vem</span> <span class='ocrx_word' id='word_1_170' title='bbox 361 1307 521 1342; x_wconf 86' lang='lat' dir='ltr'>tradant</span> <span class='ocrx_word' id='word_1_171' title='bbox 552 1305 765 1350; x_wconf 87' lang='lat' dir='ltr'>Superiori.</span> <span class='ocrx_word' id='word_1_172' title='bbox 797 1318 811 1338; x_wconf 92' lang='lat'>»</span> <span class='ocrx_word' id='word_1_173' title='bbox 841 1305 974 1350; x_wconf 88' lang='lat' dir='ltr'>(lbid.)</span> <span class='ocrx_word' id='word_1_174' title='bbox 1007 1305 1191 1340; x_wconf 77' lang='lat' dir='ltr'>Attamen</span> <span class='ocrx_word' id='word_1_175' title='bbox 1222 1304 1379 1341; x_wconf 82' lang='lat' dir='ltr'>Suarez.</span> <span class='ocrx_word' id='word_1_176' title='bbox 1404 1304 1430 1339; x_wconf 94' lang='lat' dir='ltr'>l.</span> <span class='ocrx_word' id='word_1_177' title='bbox 1457 1304 1519 1346; x_wconf 85' lang='lat' dir='ltr'>IV,</span> <span class='ocrx_word' id='word_1_178' title='bbox 1545 1314 1577 1339; x_wconf 89' lang='lat' dir='ltr'>c.</span> <span class='ocrx_word' id='word_1_179' title='bbox 1603 1314 1688 1346; x_wconf 77' lang='lat' dir='ltr'>vm,</span> <span class='ocrx_word' id='word_1_180' title='bbox 1712 1313 1791 1338; x_wconf 90' lang='lat' dir='ltr'>non</span> <span class='ocrx_word' id='word_1_181' title='bbox 1821 1306 1951 1338; x_wconf 89' lang='lat' dir='ltr'>censet</span> 
     </span>
     <span class='ocr_line' id='line_1_25' title="bbox 243 1357 1952 1412; baseline -0.002 -11"><span class='ocrx_word' id='word_1_182' title='bbox 243 1377 311 1412; x_wconf 90' lang='lat' dir='ltr'>per</span> <span class='ocrx_word' id='word_1_183' title='bbox 332 1357 373 1402; x_wconf 83' lang='lat' dir='ltr'>se</span> <span class='ocrx_word' id='word_1_184' title='bbox 394 1366 550 1411; x_wconf 70' lang='lat' dir='ltr'>signum</span> <span class='ocrx_word' id='word_1_185' title='bbox 568 1375 653 1400; x_wconf 84' lang='lat' dir='ltr'>esse</span> <span class='ocrx_word' id='word_1_186' title='bbox 675 1364 927 1410; x_wconf 79' lang='lat' dir='ltr'>proprietatis</span> <span class='ocrx_word' id='word_1_187' title='bbox 943 1364 975 1399; x_wconf 92' lang='lat' dir='ltr'>si</span> <span class='ocrx_word' id='word_1_188' title='bbox 998 1364 1086 1410; x_wconf 88' lang='lat' dir='ltr'>quis</span> <span class='ocrx_word' id='word_1_189' title='bbox 1108 1365 1311 1399; x_wconf 80' lang='lat' dir='ltr'>obseratas</span> <span class='ocrx_word' id='word_1_190' title='bbox 1332 1366 1460 1399; x_wconf 87' lang='lat' dir='ltr'>servet</span> <span class='ocrx_word' id='word_1_191' title='bbox 1481 1373 1543 1399; x_wconf 91' lang='lat' dir='ltr'>res</span> <span class='ocrx_word' id='word_1_192' title='bbox 1564 1373 1662 1408; x_wconf 85' lang='lat' dir='ltr'>quas</span> <span class='ocrx_word' id='word_1_193' title='bbox 1683 1373 1772 1398; x_wconf 89' lang='lat' dir='ltr'>cum</span> <span class='ocrx_word' id='word_1_194' title='bbox 1794 1363 1952 1398; x_wconf 83' lang='lat' dir='ltr'>licentia</span> 
     </span>
     <span class='ocr_line' id='line_1_26' title="bbox 242 1422 1949 1471; baseline -0.002 -10"><span class='ocrx_word' id='word_1_195' title='bbox 242 1426 371 1461; x_wconf 66' lang='lat' dir='ltr'>habet⁴</span> <span class='ocrx_word' id='word_1_196' title='bbox 398 1426 461 1471; x_wconf 81' lang='lat' dir='ltr'>(ci.</span> <span class='ocrx_word' id='word_1_197' title='bbox 487 1428 568 1460; x_wconf 88' lang='lat' dir='ltr'>not.</span> <span class='ocrx_word' id='word_1_198' title='bbox 594 1424 778 1470; x_wconf 73' lang='lat' dir='ltr'>praeced.)</span> <span class='ocrx_word' id='word_1_199' title='bbox 809 1424 965 1459; x_wconf 85' lang='lat' dir='ltr'>Clavem</span> <span class='ocrx_word' id='word_1_200' title='bbox 988 1434 1079 1459; x_wconf 87' lang='lat' dir='ltr'>vero</span> <span class='ocrx_word' id='word_1_201' title='bbox 1101 1423 1321 1459; x_wconf 88' lang='lat' dir='ltr'>communis</span> <span class='ocrx_word' id='word_1_202' title='bbox 1346 1424 1476 1468; x_wconf 68' lang='lat' dir='ltr'>janua]</span> <span class='ocrx_word' id='word_1_203' title='bbox 1498 1422 1650 1468; x_wconf 85' lang='lat' dir='ltr'>collegii</span> <span class='ocrx_word' id='word_1_204' title='bbox 1672 1432 1749 1468; x_wconf 88' lang='lat' dir='ltr'>qua</span> <span class='ocrx_word' id='word_1_205' title='bbox 1771 1425 1949 1465; x_wconf 87' lang='lat' dir='ltr'>utantur,</span> 
     </span>
     <span class='ocr_line' id='line_1_27' title="bbox 243 1480 1620 1531; baseline -0.003 -10"><span class='ocrx_word' id='word_1_206' title='bbox 243 1495 369 1531; x_wconf 84' lang='lat' dir='ltr'>neque</span> <span class='ocrx_word' id='word_1_207' title='bbox 389 1485 568 1520; x_wconf 85' lang='lat' dir='ltr'>Minister</span> <span class='ocrx_word' id='word_1_208' title='bbox 588 1494 714 1530; x_wconf 86' lang='lat' dir='ltr'>neque</span> <span class='ocrx_word' id='word_1_209' title='bbox 733 1484 872 1519; x_wconf 84' lang='lat' dir='ltr'>Rector</span> <span class='ocrx_word' id='word_1_210' title='bbox 893 1483 1007 1519; x_wconf 85' lang='lat' dir='ltr'>debet</span> <span class='ocrx_word' id='word_1_211' title='bbox 1028 1483 1185 1519; x_wconf 86' lang='lat' dir='ltr'>habere.</span> <span class='ocrx_word' id='word_1_212' title='bbox 1216 1496 1230 1516; x_wconf 88' lang='lat'>»</span> <span class='ocrx_word' id='word_1_213' title='bbox 1256 1480 1310 1531; x_wconf 74' lang='lat' dir='ltr'>(a.</span> <span class='ocrx_word' id='word_1_214' title='bbox 1336 1483 1376 1518; x_wconf 91' lang='lat' dir='ltr'>P.</span> <span class='ocrx_word' id='word_1_215' title='bbox 1399 1483 1620 1527; x_wconf 80' lang='lat' dir='ltr'>Claudius.)</span> 
     </span>
    </p>
   </div>
   <div class='ocr_carea' id='block_1_11' title="bbox 297 1559 1949 1605">
    <p class='ocr_par' dir='ltr' id='par_1_11' title="bbox 297 1559 1949 1605">
     <span class='ocr_line' id='line_1_28' title="bbox 297 1559 1949 1605; baseline -0.003 -6"><span class='ocrx_word' id='word_1_216' title='bbox 297 1560 312 1586; x_wconf 86' lang='lat'>3</span> <span class='ocrx_word' id='word_1_217' title='bbox 334 1563 408 1599; x_wconf 86' lang='lat' dir='ltr'>Sed</span> <span class='ocrx_word' id='word_1_218' title='bbox 421 1572 464 1598; x_wconf 90' lang='lat' dir='ltr'>ea</span> <span class='ocrx_word' id='word_1_219' title='bbox 478 1572 547 1598; x_wconf 88' lang='lat' dir='ltr'>nec</span> <span class='ocrx_word' id='word_1_220' title='bbox 559 1562 727 1598; x_wconf 76' lang='lat' dir='ltr'>vendere</span> <span class='ocrx_word' id='word_1_221' title='bbox 742 1571 812 1596; x_wconf 85' lang='lat' dir='ltr'>nec</span> <span class='ocrx_word' id='word_1_222' title='bbox 824 1561 872 1596; x_wconf 82' lang='lat' dir='ltr'>ad</span> <span class='ocrx_word' id='word_1_223' title='bbox 888 1561 1011 1596; x_wconf 89' lang='lat' dir='ltr'>alium</span> <span class='ocrx_word' id='word_1_224' title='bbox 1024 1561 1141 1596; x_wconf 85' lang='lat' dir='ltr'>linem</span> <span class='ocrx_word' id='word_1_225' title='bbox 1161 1563 1387 1596; x_wconf 85' lang='lat' dir='ltr'>convertere</span> <span class='ocrx_word' id='word_1_226' title='bbox 1402 1560 1532 1595; x_wconf 84' lang='lat' dir='ltr'>Nostri</span> <span class='ocrx_word' id='word_1_227' title='bbox 1552 1562 1718 1605; x_wconf 83' lang='lat' dir='ltr'>possunt</span> <span class='ocrx_word' id='word_1_228' title='bbox 1738 1559 1790 1605; x_wconf 84' lang='grc' dir='ltr'>(α.</span> <span class='ocrx_word' id='word_1_229' title='bbox 1819 1559 1949 1604; x_wconf 76' lang='lat'>1597).</span> 
     </span>
    </p>
   </div>
   <div class='ocr_carea' id='block_1_12' title="bbox 248 1702 2044 2150">
    <p class='ocr_par' dir='ltr' id='par_1_12' title="bbox 248 1702 2044 1994">
     <span class='ocr_line' id='line_1_29' title="bbox 305 1702 2044 1762; baseline -0.003 -13"><span class='ocrx_word' id='word_1_230' title='bbox 305 1704 352 1748; x_wconf 85' lang='lat'>30</span> <span class='ocrx_word' id='word_1_231' title='bbox 380 1704 649 1762; x_wconf 74' lang='lat' dir='ltr'>Depositam</span> <span class='ocrx_word' id='word_1_232' title='bbox 680 1702 913 1759; x_wconf 83' lang='lat' dir='ltr'>habendo,</span> <span class='ocrx_word' id='word_1_233' title='bbox 945 1702 1040 1746; x_wconf 74' lang='lat' dir='ltr'>sive</span> <span class='ocrx_word' id='word_1_234' title='bbox 1068 1702 1187 1760; x_wconf 75' lang='lat' dir='ltr'>apud</span> <span class='ocrx_word' id='word_1_235' title='bbox 1212 1716 1259 1745; x_wconf 85' lang='lat' dir='ltr'>se</span> <span class='ocrx_word' id='word_1_236' title='bbox 1282 1702 1376 1746; x_wconf 71' lang='lat' dir='ltr'>sive</span> <span class='ocrx_word' id='word_1_237' title='bbox 1404 1702 1527 1759; x_wconf 82' lang='lat' dir='ltr'>apud</span> <span class='ocrx_word' id='word_1_238' title='bbox 1550 1702 1680 1757; x_wconf 86' lang='lat' dir='ltr'>alios,</span> <span class='ocrx_word' id='word_1_239' title='bbox 1705 1702 1953 1759; x_wconf 86' lang='lat' dir='ltr'>pecuniam</span> <span class='ocrx_word' id='word_1_240' title='bbox 2011 1713 2044 1739; x_wconf 78' lang='lat'>77</span> 
     </span>
     <span class='ocr_line' id='line_1_30' title="bbox 248 1780 1955 1841; baseline -0.002 -15"><span class='ocrx_word' id='word_1_241' title='bbox 248 1784 382 1841; x_wconf 88' lang='lat' dir='ltr'>cujus</span> <span class='ocrx_word' id='word_1_242' title='bbox 404 1782 670 1826; x_wconf 86' lang='lat' dir='ltr'>dominium</span> <span class='ocrx_word' id='word_1_243' title='bbox 703 1785 882 1838; x_wconf 86' lang='lat' dir='ltr'>spectet</span> <span class='ocrx_word' id='word_1_244' title='bbox 908 1781 964 1823; x_wconf 83' lang='lat' dir='ltr'>ad</span> <span class='ocrx_word' id='word_1_245' title='bbox 989 1780 1133 1823; x_wconf 83' lang='lat' dir='ltr'>alium</span> <span class='ocrx_word' id='word_1_246' title='bbox 1157 1785 1202 1823; x_wconf 87' lang='lat' dir='ltr'>et</span> <span class='ocrx_word' id='word_1_247' title='bbox 1229 1794 1342 1823; x_wconf 87' lang='lat' dir='ltr'>usus</span> <span class='ocrx_word' id='word_1_248' title='bbox 1370 1781 1586 1837; x_wconf 80' lang='lat' dir='ltr'>proprius</span> <span class='ocrx_word' id='word_1_249' title='bbox 1609 1786 1653 1824; x_wconf 89' lang='lat' dir='ltr'>et</span> <span class='ocrx_word' id='word_1_250' title='bbox 1680 1780 1955 1823; x_wconf 81' lang='lat' dir='ltr'>arbitrarius</span> 
     </span>
     <span class='ocr_line' id='line_1_31' title="bbox 248 1857 1953 1916; baseline -0.002 -12"><span class='ocrx_word' id='word_1_251' title='bbox 248 1860 304 1905; x_wconf 77' lang='lat' dir='ltr'>acl</span> <span class='ocrx_word' id='word_1_252' title='bbox 326 1874 399 1915; x_wconf 86' lang='lat' dir='ltr'>se;</span> <span class='ocrx_word' id='word_1_253' title='bbox 437 1860 531 1903; x_wconf 86' lang='lat' dir='ltr'>imo</span> <span class='ocrx_word' id='word_1_254' title='bbox 563 1859 695 1902; x_wconf 83' lang='lat' dir='ltr'>irrita</span> <span class='ocrx_word' id='word_1_255' title='bbox 722 1864 845 1902; x_wconf 85' lang='lat' dir='ltr'>esset</span> <span class='ocrx_word' id='word_1_256' title='bbox 875 1858 1061 1902; x_wconf 84' lang='lat' dir='ltr'>licentia</span> <span class='ocrx_word' id='word_1_257' title='bbox 1091 1859 1139 1901; x_wconf 88' lang='lat' dir='ltr'>in</span> <span class='ocrx_word' id='word_1_258' title='bbox 1170 1859 1461 1902; x_wconf 78' lang='lat' dir='ltr'>contrarium</span> <span class='ocrx_word' id='word_1_259' title='bbox 1491 1872 1515 1901; x_wconf 84' lang='lat' dir='ltr'>a</span> <span class='ocrx_word' id='word_1_260' title='bbox 1543 1858 1792 1916; x_wconf 78' lang='lat' dir='ltr'>Superiore</span> <span class='ocrx_word' id='word_1_261' title='bbox 1820 1857 1953 1901; x_wconf 85' lang='lat' dir='ltr'>facta.</span> 
     </span>
     <span class='ocr_line' id='line_1_32' title="bbox 249 1935 997 1994; baseline -0.004 -11"><span class='ocrx_word' id='word_1_262' title='bbox 249 1938 315 1990; x_wconf 83' lang='lat' dir='ltr'>(C.</span> <span class='ocrx_word' id='word_1_263' title='bbox 341 1938 416 1994; x_wconf 59' lang='lat' dir='ltr'>G„</span> <span class='ocrx_word' id='word_1_264' title='bbox 439 1937 561 1993; x_wconf 82' lang='lat' dir='ltr'>XVI,</span> <span class='ocrx_word' id='word_1_265' title='bbox 585 1936 667 1992; x_wconf 73' lang='lat'>353</span> <span class='ocrx_word' id='word_1_266' title='bbox 692 1962 750 1967; x_wconf 90' lang='lat'>——</span> <span class='ocrx_word' id='word_1_267' title='bbox 775 1935 881 1992; x_wconf 91' lang='lat' dir='ltr'>XII,</span> <span class='ocrx_word' id='word_1_268' title='bbox 904 1935 997 1990; x_wconf 52' lang='lat'>411.)</span> 
     </span>
    </p>

    <p class='ocr_par' dir='ltr' id='par_1_13' title="bbox 252 2013 1960 2150">
     <span class='ocr_line' id='line_1_33' title="bbox 307 2013 1960 2073; baseline -0.001 -14"><span class='ocrx_word' id='word_1_269' title='bbox 307 2015 355 2059; x_wconf 80' lang='lat'>40</span> <span class='ocrx_word' id='word_1_270' title='bbox 381 2014 707 2073; x_wconf 81' lang='lat' dir='ltr'>Dispensando</span> <span class='ocrx_word' id='word_1_271' title='bbox 733 2028 816 2072; x_wconf 88' lang='lat' dir='ltr'>pro</span> <span class='ocrx_word' id='word_1_272' title='bbox 847 2014 999 2070; x_wconf 86' lang='lat' dir='ltr'>libitu,</span> <span class='ocrx_word' id='word_1_273' title='bbox 1025 2014 1166 2057; x_wconf 86' lang='lat' dir='ltr'>etiam</span> <span class='ocrx_word' id='word_1_274' title='bbox 1195 2014 1295 2072; x_wconf 88' lang='lat' dir='ltr'>pias</span> <span class='ocrx_word' id='word_1_275' title='bbox 1329 2013 1669 2071; x_wconf 77' lang='lat' dir='ltr'>eleemosynas,</span> <span class='ocrx_word' id='word_1_276' title='bbox 1706 2028 1811 2072; x_wconf 58' lang='lat' dir='ltr'>quae</span> <span class='ocrx_word' id='word_1_277' title='bbox 1848 2013 1960 2057; x_wconf 81' lang='lat' dir='ltr'>offe-</span> 
     </span>
     <span class='ocr_line' id='line_1_34' title="bbox 252 2091 1960 2150; baseline -0.002 -13"><span class='ocrx_word' id='word_1_278' title='bbox 252 2093 399 2137; x_wconf 86' lang='lat' dir='ltr'>rentis</span> <span class='ocrx_word' id='word_1_279' title='bbox 431 2092 625 2136; x_wconf 81' lang='lat' dir='ltr'>arbitrio</span> <span class='ocrx_word' id='word_1_280' title='bbox 657 2091 983 2150; x_wconf 67' lang='lat' dir='ltr'>relincptendae=</span> <span class='ocrx_word' id='word_1_281' title='bbox 1014 2097 1138 2136; x_wconf 85' lang='lat' dir='ltr'>sunt.</span> <span class='ocrx_word' id='word_1_282' title='bbox 1172 2091 1236 2144; x_wconf 81' lang='lat' dir='ltr'>(C.</span> <span class='ocrx_word' id='word_1_283' title='bbox 1269 2092 1344 2148; x_wconf 58' lang='lat' dir='ltr'>G„</span> <span class='ocrx_word' id='word_1_284' title='bbox 1377 2091 1497 2148; x_wconf 86' lang='lat' dir='ltr'>XVI,</span> <span class='ocrx_word' id='word_1_285' title='bbox 1528 2092 1606 2147; x_wconf 69' lang='lat'>353</span> <span class='ocrx_word' id='word_1_286' title='bbox 1634 2117 1682 2123; x_wconf 94' lang='lat'>—</span> <span class='ocrx_word' id='word_1_287' title='bbox 1714 2092 1816 2148; x_wconf 91' lang='lat' dir='ltr'>XII,</span> <span class='ocrx_word' id='word_1_288' title='bbox 1843 2091 1960 2144; x_wconf 80' lang='grc'>41.)1</span> 
     </span>
    </p>
   </div>
   <div class='ocr_carea' id='block_1_13' title="bbox 256 2169 1964 2308">
    <p class='ocr_par' dir='ltr' id='par_1_14' title="bbox 256 2169 1964 2308">
     <span class='ocr_line' id='line_1_35' title="bbox 259 2169 1964 2216; baseline -0.002 -1"><span class='ocrx_word' id='word_1_289' title='bbox 259 2196 302 2202; x_wconf 95' lang='grc'>-</span> <span class='ocrx_word' id='word_1_290' title='bbox 336 2170 462 2216; x_wconf 86' lang='lat' dir='ltr'>Usus</span> <span class='ocrx_word' id='word_1_291' title='bbox 492 2184 601 2213; x_wconf 76' lang='lat' dir='ltr'>vero</span> <span class='ocrx_word' id='word_1_292' title='bbox 634 2169 853 2214; x_wconf 83' lang='lat' dir='ltr'>mittendi</span> <span class='ocrx_word' id='word_1_293' title='bbox 884 2169 1167 2214; x_wconf 85' lang='lat' dir='ltr'>munuscula</span> <span class='ocrx_word' id='word_1_294' title='bbox 1192 2170 1331 2214; x_wconf 88' lang='lat' dir='ltr'>etiam</span> <span class='ocrx_word' id='word_1_295' title='bbox 1355 2183 1462 2213; x_wconf 87' lang='lat' dir='ltr'>eum</span> <span class='ocrx_word' id='word_1_296' title='bbox 1484 2169 1702 2213; x_wconf 76' lang='lat' dir='ltr'>facultate</span> <span class='ocrx_word' id='word_1_297' title='bbox 1727 2174 1796 2214; x_wconf 89' lang='lat' dir='ltr'>est</span> <span class='ocrx_word' id='word_1_298' title='bbox 1825 2169 1964 2213; x_wconf 81' lang='lat' dir='ltr'>corri-</span> 
     </span>
     <span class='ocr_line' id='line_1_36' title="bbox 256 2247 949 2308; baseline -0.001 -16"><span class='ocrx_word' id='word_1_299' title='bbox 256 2248 452 2308; x_wconf 82' lang='lat' dir='ltr'>gendus.</span> <span class='ocrx_word' id='word_1_300' title='bbox 480 2248 610 2304; x_wconf 74' lang='lat' dir='ltr'>(Ins,</span> <span class='ocrx_word' id='word_1_301' title='bbox 634 2247 761 2302; x_wconf 89' lang='lat' dir='ltr'>XIII,</span> <span class='ocrx_word' id='word_1_302' title='bbox 784 2247 828 2304; x_wconf 82' lang='lat'>5,</span> <span class='ocrx_word' id='word_1_303' title='bbox 858 2247 949 2300; x_wconf 76' lang='lat'>3.)‘-‘</span> 
     </span>
    </p>
   </div>
   <div class='ocr_carea' id='block_1_14' title="bbox 255 2363 1981 3069">
    <p class='ocr_par' dir='ltr' id='par_1_15' title="bbox 255 2363 1970 2588">
     <span class='ocr_line' id='line_1_37' title="bbox 308 2363 1969 2412; baseline -0.001 -11"><span class='ocrx_word' id='word_1_304' title='bbox 308 2363 396 2401; x_wconf 78' lang='lat' dir='ltr'>1Ct.</span> <span class='ocrx_word' id='word_1_305' title='bbox 431 2368 564 2400; x_wconf 87' lang='lat' dir='ltr'>tamen</span> <span class='ocrx_word' id='word_1_306' title='bbox 596 2365 635 2401; x_wconf 90' lang='lat' dir='ltr'>P.</span> <span class='ocrx_word' id='word_1_307' title='bbox 673 2364 905 2410; x_wconf 83' lang='lat' dir='ltr'>Ciravegna‚</span> <span class='ocrx_word' id='word_1_308' title='bbox 941 2367 992 2401; x_wconf 83' lang='lat' dir='ltr'>De</span> <span class='ocrx_word' id='word_1_309' title='bbox 1025 2367 1275 2412; x_wconf 63' lang='lat' dir='ltr'>Paupertate,</span> <span class='ocrx_word' id='word_1_310' title='bbox 1314 2367 1353 2402; x_wconf 87' lang='lat' dir='ltr'>S.</span> <span class='ocrx_word' id='word_1_311' title='bbox 1390 2366 1441 2407; x_wconf 63' lang='grc'>«1.,</span> <span class='ocrx_word' id='word_1_312' title='bbox 1481 2376 1521 2401; x_wconf 90' lang='lat' dir='ltr'>n.</span> <span class='ocrx_word' id='word_1_313' title='bbox 1560 2364 1643 2401; x_wconf 72' lang='lat'>184.</span> <span class='ocrx_word' id='word_1_314' title='bbox 1671 2365 1721 2400; x_wconf 89' lang='lat' dir='ltr'>At</span> <span class='ocrx_word' id='word_1_315' title='bbox 1742 2365 1789 2402; x_wconf 80' lang='lat' dir='ltr'>ci.</span> <span class='ocrx_word' id='word_1_316' title='bbox 1814 2375 1969 2410; x_wconf 76' lang='lat' dir='ltr'>quoque</span> 
     </span>
     <span class='ocr_line' id='line_1_38' title="bbox 255 2424 1970 2470; baseline -0.001 -9"><span class='ocrx_word' id='word_1_317' title='bbox 255 2425 295 2461; x_wconf 86' lang='lat' dir='ltr'>C.</span> <span class='ocrx_word' id='word_1_318' title='bbox 322 2425 385 2467; x_wconf 81' lang='lat' dir='ltr'>G.‚</span> <span class='ocrx_word' id='word_1_319' title='bbox 408 2425 507 2467; x_wconf 71' lang='lat' dir='ltr'>XVI,</span> <span class='ocrx_word' id='word_1_320' title='bbox 528 2424 572 2459; x_wconf 78' lang='grc'>21</span> <span class='ocrx_word' id='word_1_321' title='bbox 593 2435 600 2467; x_wconf 93' lang='grc'><strong>;</strong></span> <span class='ocrx_word' id='word_1_322' title='bbox 625 2427 662 2459; x_wconf 90' lang='lat' dir='ltr'>et</span> <span class='ocrx_word' id='word_1_323' title='bbox 683 2424 859 2470; x_wconf 84' lang='lat' dir='ltr'>expende</span> <span class='ocrx_word' id='word_1_324' title='bbox 880 2424 1073 2460; x_wconf 88' lang='lat' dir='ltr'>rationem</span> <span class='ocrx_word' id='word_1_325' title='bbox 1101 2435 1170 2460; x_wconf 90' lang='lat' dir='ltr'>cur</span> <span class='ocrx_word' id='word_1_326' title='bbox 1194 2425 1329 2460; x_wconf 85' lang='lat' dir='ltr'>eadem</span> <span class='ocrx_word' id='word_1_327' title='bbox 1353 2424 1610 2470; x_wconf 71' lang='lat' dir='ltr'>Congregatio</span> <span class='ocrx_word' id='word_1_328' title='bbox 1637 2425 1808 2460; x_wconf 84' lang='lat' dir='ltr'>declaret</span> <span class='ocrx_word' id='word_1_329' title='bbox 1834 2428 1970 2460; x_wconf 87' lang='lat' dir='ltr'>contra</span> 
     </span>
     <span class='ocr_line' id='line_1_39' title="bbox 256 2483 1967 2530; baseline 0.001 -11"><span class='ocrx_word' id='word_1_330' title='bbox 256 2487 528 2530; x_wconf 85' lang='lat' dir='ltr'>paupertatem</span> <span class='ocrx_word' id='word_1_331' title='bbox 559 2493 644 2519; x_wconf 86' lang='lat' dir='ltr'>esse</span> <span class='ocrx_word' id='word_1_332' title='bbox 666 2483 698 2518; x_wconf 91' lang='lat' dir='ltr'>si</span> <span class='ocrx_word' id='word_1_333' title='bbox 726 2483 815 2528; x_wconf 89' lang='lat' dir='ltr'>quis</span> <span class='ocrx_word' id='word_1_334' title='bbox 845 2484 1051 2529; x_wconf 85' lang='lat' dir='ltr'>acceperit.</span> <span class='ocrx_word' id='word_1_335' title='bbox 1081 2495 1150 2529; x_wconf 89' lang='lat' dir='ltr'>pro</span> <span class='ocrx_word' id='word_1_336' title='bbox 1185 2485 1320 2525; x_wconf 84' lang='lat' dir='ltr'>missa,</span> <span class='ocrx_word' id='word_1_337' title='bbox 1351 2485 1641 2530; x_wconf 60' lang='lat' dir='ltr'>eleemosynam</span> <span class='ocrx_word' id='word_1_338' title='bbox 1672 2484 1719 2519; x_wconf 83' lang='lat' dir='ltr'>ad</span> <span class='ocrx_word' id='word_1_339' title='bbox 1751 2484 1835 2529; x_wconf 91' lang='lat' dir='ltr'>pios</span> <span class='ocrx_word' id='word_1_340' title='bbox 1857 2494 1967 2527; x_wconf 75' lang='lat' dir='ltr'>usuS,</span> 
     </span>
     <span class='ocr_line' id='line_1_40' title="bbox 258 2543 1442 2588; baseline -0.001 -9"><span class='ocrx_word' id='word_1_341' title='bbox 258 2544 325 2580; x_wconf 88' lang='lat' dir='ltr'>ubi</span> <span class='ocrx_word' id='word_1_342' title='bbox 345 2544 429 2578; x_wconf 68' lang='lat' dir='ltr'>hzec</span> <span class='ocrx_word' id='word_1_343' title='bbox 451 2553 529 2579; x_wconf 89' lang='lat' dir='ltr'>non</span> <span class='ocrx_word' id='word_1_344' title='bbox 548 2543 839 2588; x_wconf 78' lang='lat' dir='ltr'>relinqueretur</span> <span class='ocrx_word' id='word_1_345' title='bbox 861 2543 1021 2578; x_wconf 86' lang='lat' dir='ltr'>omnino</span> <span class='ocrx_word' id='word_1_346' title='bbox 1042 2544 1242 2579; x_wconf 75' lang='lat' dir='ltr'>offerentis</span> <span class='ocrx_word' id='word_1_347' title='bbox 1263 2544 1442 2579; x_wconf 87' lang='lat' dir='ltr'>arbitrio.</span> 
     </span>
    </p>

    <p class='ocr_par' dir='ltr' id='par_1_16' title="bbox 261 2602 1976 2817">
     <span class='ocr_line' id='line_1_41' title="bbox 312 2602 1972 2649; baseline 0.001 -11"><span class='ocrx_word' id='word_1_348' title='bbox 312 2603 473 2638; x_wconf 80' lang='lat' dir='ltr'>MInime</span> <span class='ocrx_word' id='word_1_349' title='bbox 488 2613 579 2638; x_wconf 84' lang='lat' dir='ltr'>vero</span> <span class='ocrx_word' id='word_1_350' title='bbox 596 2602 903 2648; x_wconf 84' lang='lat' dir='ltr'>permittendum</span> <span class='ocrx_word' id='word_1_351' title='bbox 920 2606 962 2638; x_wconf 89' lang='lat' dir='ltr'>ut</span> <span class='ocrx_word' id='word_1_352' title='bbox 978 2603 1105 2638; x_wconf 82' lang='lat' dir='ltr'>nostri</span> <span class='ocrx_word' id='word_1_353' title='bbox 1118 2603 1389 2649; x_wconf 74' lang='lat' dir='ltr'>eleemosynas</span> <span class='ocrx_word' id='word_1_354' title='bbox 1409 2603 1604 2648; x_wconf 84' lang='lat' dir='ltr'>accipiant</span> <span class='ocrx_word' id='word_1_355' title='bbox 1625 2613 1695 2638; x_wconf 92' lang='lat' dir='ltr'>suo</span> <span class='ocrx_word' id='word_1_356' title='bbox 1712 2603 1877 2639; x_wconf 87' lang='lat' dir='ltr'>arbitrio</span> <span class='ocrx_word' id='word_1_357' title='bbox 1893 2604 1972 2639; x_wconf 91' lang='lat' dir='ltr'>dis-</span> 
     </span>
     <span class='ocr_line' id='line_1_42' title="bbox 261 2662 1975 2707; baseline 0.001 -9"><span class='ocrx_word' id='word_1_358' title='bbox 261 2662 494 2698; x_wconf 85' lang='lat' dir='ltr'>tribuendas</span> <span class='ocrx_word' id='word_1_359' title='bbox 523 2662 576 2706; x_wconf 75' lang='lat' dir='ltr'>(a.</span> <span class='ocrx_word' id='word_1_360' title='bbox 614 2662 741 2701; x_wconf 75' lang='lat'>1625).</span> <span class='ocrx_word' id='word_1_361' title='bbox 772 2662 987 2707; x_wconf 80' lang='lat' dir='ltr'>Nequidem</span> <span class='ocrx_word' id='word_1_362' title='bbox 1013 2663 1045 2697; x_wconf 90' lang='lat' dir='ltr'>si</span> <span class='ocrx_word' id='word_1_363' title='bbox 1068 2663 1259 2698; x_wconf 72' lang='lat' dir='ltr'>Praelatus</span> <span class='ocrx_word' id='word_1_364' title='bbox 1293 2663 1395 2698; x_wconf 87' lang='lat' dir='ltr'>hanc</span> <span class='ocrx_word' id='word_1_365' title='bbox 1423 2673 1559 2698; x_wconf 87' lang='lat' dir='ltr'>curam</span> <span class='ocrx_word' id='word_1_366' title='bbox 1589 2663 1703 2698; x_wconf 91' lang='lat' dir='ltr'>nobis</span> <span class='ocrx_word' id='word_1_367' title='bbox 1733 2664 1975 2699; x_wconf 87' lang='lat' dir='ltr'>committere</span> 
     </span>
     <span class='ocr_line' id='line_1_43' title="bbox 262 2711 1976 2768; baseline 0.001 -11"><span class='ocrx_word' id='word_1_368' title='bbox 262 2721 381 2757; x_wconf 79' lang='lat' dir='ltr'>vellet</span> <span class='ocrx_word' id='word_1_369' title='bbox 403 2722 456 2767; x_wconf 81' lang='grc' dir='ltr'>(α.</span> <span class='ocrx_word' id='word_1_370' title='bbox 487 2721 615 2766; x_wconf 71' lang='lat'>1571).</span> <span class='ocrx_word' id='word_1_371' title='bbox 646 2721 738 2764; x_wconf 81' lang='lat' dir='ltr'>Quae</span> <span class='ocrx_word' id='word_1_372' title='bbox 758 2721 807 2756; x_wconf 86' lang='lat' dir='ltr'>ad</span> <span class='ocrx_word' id='word_1_373' title='bbox 830 2731 970 2757; x_wconf 83' lang='lat' dir='ltr'>causas</span> <span class='ocrx_word' id='word_1_374' title='bbox 1002 2722 1087 2767; x_wconf 89' lang='lat' dir='ltr'>pias</span> <span class='ocrx_word' id='word_1_375' title='bbox 1111 2722 1171 2757; x_wconf 78' lang='lat' dir='ltr'>vel</span> <span class='ocrx_word' id='word_1_376' title='bbox 1193 2723 1355 2758; x_wconf 86' lang='lat' dir='ltr'>incertis</span> <span class='ocrx_word' id='word_1_377' title='bbox 1386 2711 1626 2768; x_wconf 82' lang='lat' dir='ltr'>pauperibus</span> <span class='ocrx_word' id='word_1_378' title='bbox 1654 2733 1699 2757; x_wconf 86' lang='lat' dir='ltr'>ex</span> <span class='ocrx_word' id='word_1_379' title='bbox 1728 2723 1976 2759; x_wconf 89' lang='lat' dir='ltr'>restitutione</span> 
     </span>
     <span class='ocr_line' id='line_1_44' title="bbox 263 2781 1588 2817; baseline -0.001 0"><span class='ocrx_word' id='word_1_380' title='bbox 263 2781 379 2817; x_wconf 91' lang='lat' dir='ltr'>nobis</span> <span class='ocrx_word' id='word_1_381' title='bbox 402 2781 706 2816; x_wconf 86' lang='lat' dir='ltr'>committuntur</span> <span class='ocrx_word' id='word_1_382' title='bbox 728 2781 774 2815; x_wconf 86' lang='lat' dir='ltr'>ad</span> <span class='ocrx_word' id='word_1_383' title='bbox 799 2783 956 2816; x_wconf 88' lang='lat' dir='ltr'>nostros</span> <span class='ocrx_word' id='word_1_384' title='bbox 981 2792 1076 2817; x_wconf 82' lang='lat' dir='ltr'>usus</span> <span class='ocrx_word' id='word_1_385' title='bbox 1097 2792 1176 2817; x_wconf 92' lang='lat' dir='ltr'>non</span> <span class='ocrx_word' id='word_1_386' title='bbox 1197 2785 1289 2817; x_wconf 87' lang='lat' dir='ltr'>sunt</span> <span class='ocrx_word' id='word_1_387' title='bbox 1312 2782 1588 2817; x_wconf 79' lang='lat' dir='ltr'>convertenda.</span> 
     </span>
    </p>

    <p class='ocr_par' dir='ltr' id='par_1_17' title="bbox 267 2840 1981 3069">
     <span class='ocr_line' id='line_1_45' title="bbox 322 2840 1976 2887; baseline 0.004 -15"><span class='ocrx_word' id='word_1_388' title='bbox 322 2853 335 2872; x_wconf 88' lang='lat'>«</span> <span class='ocrx_word' id='word_1_389' title='bbox 370 2840 635 2886; x_wconf 61' lang='lat' dir='ltr'>Eleemosynw</span> <span class='ocrx_word' id='word_1_390' title='bbox 663 2840 913 2885; x_wconf 84' lang='lat' dir='ltr'>applicentur</span> <span class='ocrx_word' id='word_1_391' title='bbox 940 2840 980 2875; x_wconf 89' lang='lat' dir='ltr'>in</span> <span class='ocrx_word' id='word_1_392' title='bbox 1007 2851 1095 2876; x_wconf 90' lang='lat' dir='ltr'>eum</span> <span class='ocrx_word' id='word_1_393' title='bbox 1127 2852 1242 2877; x_wconf 89' lang='lat' dir='ltr'>usum</span> <span class='ocrx_word' id='word_1_394' title='bbox 1269 2842 1307 2876; x_wconf 93' lang='lat' dir='ltr'>in</span> <span class='ocrx_word' id='word_1_395' title='bbox 1337 2852 1452 2887; x_wconf 77' lang='lat' dir='ltr'>quem</span> <span class='ocrx_word' id='word_1_396' title='bbox 1481 2844 1571 2875; x_wconf 87' lang='lat' dir='ltr'>sunt</span> <span class='ocrx_word' id='word_1_397' title='bbox 1605 2841 1719 2876; x_wconf 87' lang='lat' dir='ltr'>nobis</span> <span class='ocrx_word' id='word_1_398' title='bbox 1748 2842 1863 2885; x_wconf 59' lang='lat' dir='ltr'>(laiac,</span> <span class='ocrx_word' id='word_1_399' title='bbox 1894 2845 1976 2878; x_wconf 86' lang='lat' dir='ltr'>tum</span> 
     </span>
     <span class='ocr_line' id='line_1_46' title="bbox 267 2900 1978 2946; baseline 0.001 -10"><span class='ocrx_word' id='word_1_400' title='bbox 267 2900 359 2946; x_wconf 86' lang='lat' dir='ltr'>quia</span> <span class='ocrx_word' id='word_1_401' title='bbox 390 2900 427 2935; x_wconf 87' lang='lat' dir='ltr'>id</span> <span class='ocrx_word' id='word_1_402' title='bbox 461 2900 586 2935; x_wconf 78' lang='lat' dir='ltr'>facere</span> <span class='ocrx_word' id='word_1_403' title='bbox 617 2900 854 2945; x_wconf 77' lang='lat' dir='ltr'>obligamur,</span> <span class='ocrx_word' id='word_1_404' title='bbox 883 2903 966 2935; x_wconf 89' lang='lat' dir='ltr'>tum</span> <span class='ocrx_word' id='word_1_405' title='bbox 996 2901 1088 2946; x_wconf 86' lang='lat' dir='ltr'>quia</span> <span class='ocrx_word' id='word_1_406' title='bbox 1117 2901 1156 2937; x_wconf 89' lang='lat' dir='ltr'>id</span> <span class='ocrx_word' id='word_1_407' title='bbox 1188 2901 1504 2937; x_wconf 78' lang='lat' dir='ltr'>benefactoribus</span> <span class='ocrx_word' id='word_1_408' title='bbox 1532 2901 1643 2936; x_wconf 82' lang='lat' dir='ltr'>allert</span> <span class='ocrx_word' id='word_1_409' title='bbox 1673 2902 1978 2938; x_wconf 86' lang='lat' dir='ltr'>consolationem</span> 
     </span>
     <span class='ocr_line' id='line_1_47' title="bbox 269 2958 1980 3010; baseline 0.001 -14"><span class='ocrx_word' id='word_1_410' title='bbox 269 2963 307 2996; x_wconf 85' lang='lat' dir='ltr'>et</span> <span class='ocrx_word' id='word_1_411' title='bbox 328 2959 396 2995; x_wconf 88' lang='lat' dir='ltr'>alii</span> <span class='ocrx_word' id='word_1_412' title='bbox 417 2962 625 2995; x_wconf 82' lang='lat' dir='ltr'>moventur</span> <span class='ocrx_word' id='word_1_413' title='bbox 647 2959 695 2994; x_wconf 87' lang='lat' dir='ltr'>ad</span> <span class='ocrx_word' id='word_1_414' title='bbox 717 2959 935 3004; x_wconf 78' lang='lat' dir='ltr'>juvandum</span> <span class='ocrx_word' id='word_1_415' title='bbox 963 2973 977 2993; x_wconf 86' lang='lat'>»</span> <span class='ocrx_word' id='word_1_416' title='bbox 1009 2958 1064 3008; x_wconf 70' lang='lat' dir='ltr'>(a.</span> <span class='ocrx_word' id='word_1_417' title='bbox 1099 2960 1230 3010; x_wconf 66' lang='lat'>1599),</span> <span class='ocrx_word' id='word_1_418' title='bbox 1256 2961 1327 2996; x_wconf 75' lang='lat' dir='ltr'>Nec</span> <span class='ocrx_word' id='word_1_419' title='bbox 1350 2961 1667 3006; x_wconf 69' lang='lat' dir='ltr'>praetereundum</span> <span class='ocrx_word' id='word_1_420' title='bbox 1694 2961 1907 3006; x_wconf 86' lang='lat' dir='ltr'>aliquando</span> <span class='ocrx_word' id='word_1_421' title='bbox 1932 2972 1980 2998; x_wconf 83' lang='lat' dir='ltr'>ex</span> 
     </span>
     <span class='ocr_line' id='line_1_48' title="bbox 271 3018 1981 3069; baseline 0.002 -13"><span class='ocrx_word' id='word_1_422' title='bbox 271 3019 425 3067; x_wconf 79' lang='lat' dir='ltr'>justitia</span> <span class='ocrx_word' id='word_1_423' title='bbox 450 3029 562 3066; x_wconf 85' lang='lat' dir='ltr'>posse</span> <span class='ocrx_word' id='word_1_424' title='bbox 589 3028 660 3056; x_wconf 88' lang='lat' dir='ltr'>nos</span> <span class='ocrx_word' id='word_1_425' title='bbox 682 3018 806 3066; x_wconf 86' lang='lat' dir='ltr'>ligare</span> <span class='ocrx_word' id='word_1_426' title='bbox 830 3018 1087 3057; x_wconf 76' lang='lat' dir='ltr'>intentionem</span> <span class='ocrx_word' id='word_1_427' title='bbox 1115 3021 1337 3066; x_wconf 83' lang='lat' dir='ltr'>donatoris3</span> <span class='ocrx_word' id='word_1_428' title='bbox 1362 3023 1397 3057; x_wconf 82' lang='lat' dir='ltr'>ct</span> <span class='ocrx_word' id='word_1_429' title='bbox 1423 3019 1462 3056; x_wconf 89' lang='lat' dir='ltr'>in</span> <span class='ocrx_word' id='word_1_430' title='bbox 1484 3030 1624 3069; x_wconf 82' lang='lat' dir='ltr'>genere</span> <span class='ocrx_word' id='word_1_431' title='bbox 1644 3020 1708 3069; x_wconf 75' lang='lat' dir='ltr'>jus</span> <span class='ocrx_word' id='word_1_432' title='bbox 1729 3022 1981 3069; x_wconf 83' lang='lat' dir='ltr'>permutandi</span> 
     </span>
    </p>
   </div>
  </div>
 </body>
</html>
