2145 3366
121 373 172 399 1515

234 171 307 210 144
928 186 1039 214 rAns
1071 186 1234 216 TERTIA

286 359 344 402 ΙΙ.
374 384 422 391 -
452 361 515 405 De
549 361 798 407 effectibus
833 375 942 421 erga
976 363 1272 410 Societatem.
1310 391 1364 398 —
1398 366 1504 425 Ipsa
1538 373 1694 414 tamen
1729 370 1932 417 Societas

228 449 335 494 erga
354 435 693 483 Scholasticum
718 454 813 485 non
836 440 1083 499 obligatur,
1110 441 1147 485 si
1165 441 1243 486 hic
1260 444 1567 502 perspiciatur
1587 446 1645 491 ad
1666 446 1811 492 finem
1831 450 1931 508 eJ’us

225 526 318 557 non
340 528 441 559 esse
468 515 680 561 idoneus.
711 542 760 549 —
787 518 885 562 Hac
910 532 1019 563 vero
1043 519 1309 564 conditione
1329 523 1546 581 seposita,
1571 538 1679 569 vere
1700 526 1933 585 obligatur

225 604 281 634 ex
306 605 415 636 vero
447 599 704 640 contractu.
736 596 854 653 (Ex.,
885 609 967 652 vn,
997 596 1041 640 1.
1071 622 1118 629 -
1152 597 1404 656 Gregorius
1431 600 1560 658 XIII,
1594 602 1776 655 Quanto
1802 600 1929 661 fruc-

225 670 436 724 tuosius.)

281 746 393 792 Haec
413 748 604 793 facultas
632 749 900 793 dimittendi
927 750 1170 809 religiosos
1192 766 1287 796 non
1309 753 1551 812 formatos,
1575 756 1747 801 iterum
1770 757 1928 804 Socie-

220 824 301 868 tati
320 824 594 870 confirmata
614 825 714 884 (Or.
735 827 849 871 vivae
870 841 969 872 voc.
989 828 1162 873 Leonis
1179 829 1291 874 XIII
1313 831 1370 875 ad
1390 831 1540 890 Praep.
1559 834 1730 879 Gener.
1749 835 1806 880 19
1826 850 1923 894 apr.

218 900 351 959 1893,
382 902 508 961 quod
537 903 595 947 cf.
619 902 668 947 P.
687 904 730 959 6,
753 918 791 948 c.
812 904 856 960 3,
882 904 965 948 ubi
988 905 1044 949 de
1066 906 1392 967 dimittendis),
1413 910 1663 956 utilissima
1684 918 1753 957 est
1773 912 1927 957 Socie-

219 978 315 1035 tati,
341 984 386 1023 et
413 980 539 1023 utilis
574 980 663 1038 ipsi
691 981 952 1027 candidato.
984 983 1106 1040 (Ex.,
1131 997 1194 1040 vl,
1219 984 1275 1029 A.
1305 1012 1363 1016 —
1396 986 1495 1043 Or.,
1526 1001 1607 1045 ΧΠ,
1633 989 1697 1043 1.)
1730 989 1830 1035 Nec
1857 996 1928 1036 est

217 1055 404 1113 injusta,
424 1057 655 1115 siquidem
684 1059 838 1103 socius
865 1060 952 1103 fuit
972 1062 1295 1118 praemonitus,
1319 1077 1405 1108 nec
1428 1078 1638 1122 unquam
1662 1067 1924 1112 timendum

217 1137 288 1177 est
313 1147 372 1177 ne
397 1133 600 1179 Societas
628 1135 834 1194 aliquem
870 1137 1076 1182 dimittat
1108 1139 1286 1197 absque
1309 1141 1585 1199 justissimis
1615 1145 1767 1189 causis
1795 1146 1924 1197 (Gre-

216 1211 373 1268 gorius
410 1212 529 1268 XIV,
564 1213 781 1257 Ecclesiae
818 1215 1066 1259 catholicae.
1099 1243 1155 1248 —
1183 1217 1285 1275 Ex.,
1309 1231 1373 1275 vl,
1397 1219 1453 1263 A.
1479 1246 1536 1251 —
1563 1220 1676 1279 Cst.,
1710 1222 1768 1279 II,
1802 1236 1833 1267 Ι.
1867 1249 1924 1255 -

216 1287 264 1332 C.
284 1288 358 1344 G„
382 1288 460 1346 IX,
481 1289 554 1346 39,
576 1289 641 1346 3);
668 1304 771 1349 quae
797 1293 1128 1350 communiter,
1149 1294 1243 1339 imo
1262 1296 1418 1353 unice,
1443 1303 1523 1342 aut
1543 1312 1598 1342 ex
1616 1299 1755 1358 culpa
1774 1300 1923 1359 ipsius

215 1365 395 1409 dimissi
424 1366 665 1411 oriuntur¹
695 1369 814 1426 (Ex.,
846 1382 909 1426 vi,
934 1370 996 1427 A:
1017 1396 1075 1402 ——
1097 1384 1180 1429 vn,
1203 1372 1264 1428 1),
1294 1379 1375 1419 aut
1402 1375 1596 1434 exigunt
1623 1377 1921 1423 accedentem

212 1442 357 1500 ipsius
392 1445 715 1489 consensum?
755 1446 886 1504 (os-t„
917 1447 975 1504 II,
1002 1462 1052 1504 Π,
1089 1448 1161 1503 Β.)
1197 1450 1421 1496 Rationes
1459 1453 1583 1497 enim
1620 1467 1723 1512 quae
1755 1455 1812 1499 ad
1837 1455 1921 1500 has

212 1519 383 1564 classes
407 1535 502 1565 non
530 1522 876 1568 reducerentur
903 1540 1102 1584 quaeque
1131 1535 1469 1574 enumerantur
1493 1544 1517 1574 a
1539 1530 1694 1576 Const.
1716 1532 1774 1589 II,
1799 1545 1850 1589 ΙΙ,
1873 1533 1916 1589 2,

210 1598 281 1641 vel
307 1605 580 1657 supponunt
607 1600 761 1660 detegi
789 1602 1024 1647 defectum
1053 1618 1193 1663 quem
1219 1607 1324 1664 quis
1345 1607 1393 1651 in
1415 1609 1628 1653 examine
1656 1610 1921 1656 reticuisset

209 1675 339 1733 (Ost,
361 1677 419 1733 II,
439 1690 489 1735 11,
513 1677 556 1734 3,
584 1678 644 1736 5),
679 1679 750 1722 vel
777 1688 1049 1738 supponunt
1072 1683 1229 1740 ipsum
1253 1686 1561 1742 experimenti
1586 1701 1738 1745 causa,
1764 1693 1808 1733 et
1829 1689 1917 1734 sub

208 1767 261 1797 ea
288 1754 552 1799 conditione
584 1755 730 1800 fuisse
762 1763 1004 1816 receptum
1040 1765 1092 1804 ut
1122 1761 1517 1820 impedimentum
1551 1777 1640 1822 quo
1673 1771 1772 1810 erat
1801 1766 1916 1810 irre—

208 1831 317 1875 titus
341 1845 433 1876 non
456 1833 660 1878 duraret.

257 1962 269 1991 ¹
293 1966 373 2002 Imo
388 1967 567 2004 dimissio
588 1979 666 2004 non
689 1971 971 2015 pronuntiatur
994 1972 1071 2008 nisi
1094 1977 1305 2020 postquam
1334 1976 1466 2011 omnia
1488 1977 1617 2013 media
1638 1978 1688 2014 ad
1710 1977 1913 2015 subditum

203 2026 479 2071 corrigendum
500 2038 522 2063 a
544 2027 821 2074 Superioribus
851 2031 1001 2066 frustra
1034 2032 1213 2069 adhibita
1244 2034 1419 2071 fuerunt.
1447 2036 1528 2072 Peti
1558 2035 1681 2083 igitur
1700 2048 1779 2074 non
1800 2039 1913 2075 debet

202 2085 381 2122 dimissio
402 2096 445 2122 eo
463 2088 565 2132 quod
585 2088 631 2123 de
653 2089 855 2125 vocatione
873 2100 952 2126 non
973 2095 1147 2127 constet:
1167 2093 1207 2128 id
1224 2094 1327 2129 enim
1350 2097 1441 2130 ante
1462 2098 1642 2132 votorum
1660 2096 1912 2135 emissionem

201 2146 502 2191 expendendum
525 2150 621 2183 erat.
646 2147 757 2183 Votis
779 2149 908 2193 sartis,
930 2154 1051 2194 certa,
1070 2152 1251 2188 absoluta
1273 2156 1310 2189 et
1326 2154 1595 2192 irrevocabilis
1614 2155 1802 2204 obligatio
1820 2158 1911 2194 inde

200 2205 391 2250 exsurgit,
411 2215 433 2241 a
454 2216 532 2251 qua
553 2217 593 2242 se
615 2207 785 2243 eximere
816 2211 902 2244 tuta
932 2210 1174 2246 conscientia
1204 2223 1320 2248 nemo
1341 2216 1468 2259 potest
1500 2215 1579 2251 nisi
1599 2216 1633 2252 ei
1656 2217 1703 2252 de
1725 2217 1910 2263 impossi-

199 2263 351 2300 bilitate
380 2275 464 2300 eam
504 2265 695 2312 implendi
728 2270 832 2303 certo
865 2272 1029 2305 constet.
1063 2267 1105 2317 (s.
1136 2270 1182 2306 14
1204 2282 1295 2308 nov.
1320 2272 1435 2309 1843.
1461 2293 1510 2300 —
1536 2274 1582 2310 15
1605 2275 1687 2312 dee.
1714 2276 1830 2312 1833.
1856 2297 1910 2304 —

204 2322 248 2358 13
271 2326 383 2360 mart.
412 2322 548 2374 1834.)
567 2325 752 2362 Attamen
780 2327 858 2364 alia
888 2331 947 2364 est
977 2329 1173 2366 idoneitas
1195 2334 1311 2376 prout
1332 2332 1374 2367 in
1401 2333 1642 2371 Scholastico
1669 2336 1847 2381 probato,
1871 2339 1908 2373 et

197 2382 274 2417 alia
303 2386 419 2428 prout
440 2383 480 2419 in
502 2384 726 2430 Coadjutori
748 2387 915 2423 formato
934 2384 1000 2436 (cl.
1026 2388 1158 2433 Suar.‚
1182 2390 1209 2425 l.
1233 2390 1315 2435 VII,
1337 2402 1368 2428 c.
1394 2403 1437 2436 11,
1461 2404 1501 2429 n.
1529 2391 1608 2443 11).

248 2462 264 2488 ‘2
287 2465 462 2512 Exempli
477 2468 618 2513 gratia.
639 2468 670 2504 si
688 2468 918 2506 Scholastici
940 2472 1124 2508 valetudo
1139 2473 1181 2509 in
1195 2473 1281 2520 ipsa
1303 2474 1750 2515 societate-labefactata
1771 2479 1902 2516 fuerit.

197 2521 310 2573 (Cst.,
337 2527 383 2569 11,
410 2537 451 2569 11,
478 2525 540 2576 B.)

254 2679 334 2723 111.
366 2680 453 2725 Alii
481 2681 696 2728 effectus.
727 2708 783 2714 —
824 2686 935 2729 llaec
959 2692 1063 2731 vota
1103 2688 1195 2731 vim
1227 2694 1453 2746 praeterea
1484 2690 1661 2735 habent
1684 2705 1692 2735 :
1716 2692 1765 2736 ‘10
1792 2692 1903 2738 Sus-

195 2757 428 2813 1›‹=11‹l‹·11‹li
448 2764 550 2802 vota
573 2761 702 2817 prius
725 2762 893 2805 omissa
916 2767 1126 2821 (excepto
1143 2770 1246 2809 voto
1267 2766 1522 2824 Religionis
1544 2767 1897 2825 determinatae),

194 2840 238 2877 vt
280 2836 562 2893 juranwnla,
603 2838 691 2880 nisi
726 2839 832 2882 indo
868 2839 1122 2885 laederetur
1156 2845 1231 2901 jtls
1266 2844 1389 2887 tertii
1427 2858 1520 2887 non
1553 2846 1895 2890 co11‹;lonat11111¹

192 2912 354 2968 ((111,
393 2913 427 2962 1,
457 2913 584 2968 132),
620 2915 668 2959 20
698 2915 889 2960 tollendi
930 2916 1323 2975 irregularitatem
1363 2935 1416 2964 ex
1454 2921 1637 2967 defectu
1672 2924 1897 2969 natalium

2093 482 2122 517 Ξῖ
2093 416 2103 440 r:

2093 562 2142 595 llllLl

2094 631 2144 672 elale

2094 717 2128 764 qil(
2135 718 2145 745 11

2093 785 2105 828 1,
2118 782 2125 825 1
2138 780 2145 823 1

2119 861 2145 904 D<

2093 953 2138 984 11111

2093 1017 2145 1062 desa

2117 1158 2121 1183 1
2132 1158 2144 1189 1·

2093 1220 2140 1255 dubit

2092 1280 2145 1315 decla

2092 1333 2145 1370 1101111

2092 1394 2136 1429 hanc

2092 1454 2145 1490 ordin*

2092 1525 2145 1550 comm

2093 1575 2145 1610 dexo

2092 1635 2141 1670 111113

2091 1699 2125 1732 tur.
2137 1706 2145 1731 e

2092 1756 2122 1791 ull
2134 1767 2143 1790 11
