2145 3366
88 1105 140 1133 219

76 2992 118 3018 22(
123 2998 127 3015 ι

206 240 284 278 200
901 254 1013 284 mus
1046 256 1228 291 QUARTA

204 427 350 472 donec
390 443 415 472 a
457 431 621 488 majori
664 437 793 489 parte
832 433 1194 477 Provincialium
1234 437 1538 492 approbetur.
1582 439 1686 483 Pari
1733 444 1911 488 ratione

203 506 551 563 procedendum
579 514 716 563 esset,
748 510 782 552 si
812 509 1048 553 Assistens
1076 511 1256 554 inutilis
1283 517 1362 556 aut
1388 514 1610 572 indignus
1639 518 1817 576 evadat,
1853 522 1910 566 de

202 597 294 641 quo
318 584 494 641 judicet
520 586 774 630 Generalis.
805 587 874 644 (C.
907 588 980 643 G.,
1015 588 1050 642 Ι,
1073 587 1171 646 87.)
1198 589 1257 633 At
1283 589 1525 635 Assistens
1554 594 1620 638 sic
1648 609 1909 654 suspensus

201 660 352 704 solum
380 667 483 718 post
509 662 779 719 praedictam
810 664 1172 709 Provincialium
1203 668 1591 725 approbationem
1623 674 1816 719 omnino
1847 677 1904 720 ab

200 736 352 781 officio
382 745 714 783 removeretur.
738 740 870 798 (Cst.‚
895 742 973 796 IX,
995 755 1038 797 v,
1059 742 1102 787 3.
1134 769 1190 774 —
1212 743 1260 788 C.
1284 744 1357 802 G.,
1383 745 1418 802 I,
1445 746 1524 802 843
1550 775 1606 780 -—
1628 749 1704 807 IV,
1728 751 1800 808 24,
1823 753 1905 809 253

199 814 454 869 -1113123
479 817 631 873 -Vl,
655 817 728 873 27,
752 817 795 860 2.
839 818 851 844 ¹

251 923 262 945 1
284 920 526 957 Assistentes
548 922 747 958 interdum
776 925 921 959 mutari
949 928 1007 961 est
1027 929 1164 962 contra
1191 927 1502 966 constitutiones
1526 935 1562 967 et
1589 935 1798 979 probatum
1827 948 1908 973 mo-

197 990 278 1016 rem
300 980 525 1018 societatis:
550 982 636 1017 ideo
657 982 756 1017 nihil
777 983 1048 1020 innovandum
1070 982 1126 1034 (a.
1154 986 1287 1036 1607).

255 1100 298 1144 Is
326 1101 363 1143 si
392 1101 437 1144 in
472 1100 837 1159 Congregatione
868 1117 963 1147 non
998 1105 1072 1160 sit,
1103 1106 1150 1149 in
1186 1121 1289 1151 eam
1318 1108 1633 1156 admittendus
1669 1114 1772 1170 erit,
1803 1123 1907 1173 post

197 1177 473 1222 electionem
510 1179 721 1223 omnium
754 1179 1103 1227 Assistentium.
1147 1183 1236 1237 Qui
1274 1185 1322 1228 in
1362 1200 1415 1231 ea
1451 1193 1558 1233 sunt
1594 1204 1689 1234 non
1728 1199 1907 1238 mutant

196 1255 365 1300 locum.
398 1256 572 1300 Eorum
604 1256 812 1301 officium
843 1258 978 1304 durat
1005 1273 1153 1318 usque
1187 1262 1243 1306 ad
1276 1263 1554 1310 electionem
1583 1269 1689 1312 novi
1720 1269 1905 1329 Praepo-

197 1334 287 1378 siti.
325 1334 443 1378 Sunt
471 1335 758 1381 Assistentes
785 1337 957 1381 Vicarii
985 1339 1241 1386 Generalis,
1278 1341 1348 1399 (C.
1374 1343 1447 1400 G.,
1481 1344 1517 1401 I,
1548 1345 1629 1402 903
1664 1374 1721 1380 —
1746 1349 1805 1405 ΙΙ,
1829 1350 1902 1407 20,

195 1411 277 1466 35,
301 1438 358 1444 --
379 1413 431 1468 V,
457 1412 538 1468 743
562 1439 619 1445 —
640 1413 716 1469 VI,
740 1414 783 1470 4,
807 1414 880 1470 110,
904 1415 986 1471 273
1011 1443 1068 1448 ——
1095 1417 1173 1474 IX,
1197 1419 1249 1474 23
1275 1446 1332 1451 —
1357 1421 1414 1476 X,
1438 1421 1482 1477 5,
1506 1422 1588 1479 173
1613 1451 1670 1456 —
1696 1425 1816 1482 XIV,
1839 1427 1906 1487 3.)

198 1489 364 1535 Utrum
401 1504 524 1546 vero,
556 1505 665 1535 casu
694 1506 783 1549 quo
825 1494 1094 1539 nominatur
1128 1496 1340 1541 Vicarius
1381 1513 1489 1543 cum
1526 1500 1681 1547 futura
1719 1518 1903 1550 succes-

196 1567 340 1623 sione,
366 1568 468 1611 novi
493 1568 777 1614 Assistentes
799 1570 1000 1618 debeant
1026 1573 1181 1618 statim
1204 1574 1413 1620 officium
1442 1591 1675 1636 exercere,
1700 1595 1793 1626 non
1821 1584 1904 1629 fuit

196 1645 420 1689 decisum.
451 1645 520 1704 (C.
546 1647 619 1703 G.,
647 1647 814 1703 XXIII,
838 1647 907 1707 8.)

256 1722 440 1768 Habent
472 1723 626 1768 locum
662 1725 710 1769 in
744 1726 1110 1785 Congregatione
1148 1731 1353 1787 generali
1388 1738 1433 1776 et
1465 1732 1825 1781 Procuratorum
1854 1745 1898 1783 et

195 1801 251 1844 ad
279 1800 824 1860 eligendumVicarium,
850 1805 887 1848 si
916 1805 1157 1851 Generalis
1185 1807 1347 1853 Romae
1375 1816 1455 1855 aut
1481 1825 1625 1869 prope
1653 1815 1894 1860 moriatur.

194 1878 369 1937 (Form.
395 1879 539 1938 Cong.
565 1880 706 1940 Gen.)
733 1882 780 1926 Si
802 1882 1041 1927 Generalis
1069 1885 1117 1928 in
1144 1886 1243 1942 ipsa
1267 1886 1636 1946 Congregatione
1663 1897 1741 1936 aut
1764 1895 1898 1950 paulo

194 1961 297 2012 post
337 1957 577 2013 moriatur,
620 1972 714 2002 non
753 1960 991 2005 nominato
1028 1961 1233 2018 Vicario,
1276 1965 1626 2023 antiquissimus
1662 1968 1898 2016 Assisten-

195 2033 310 2077 tium
349 2033 704 2093 Congregationi
742 2037 974 2093 praesidet.
1015 2039 1132 2083 Item
1167 2040 1204 2083 si
1234 2040 1445 2086 Vicarius
1480 2058 1504 2086 e
1537 2045 1650 2089 vivis
1687 2046 1894 2105 decedat,

189 2111 285 2167 jam
319 2113 609 2169 congregatis
644 2112 925 2159 electoribus
958 2122 1036 2160 aut
1070 2117 1232 2161 saltem
1267 2119 1450 2164 duabus
1486 2122 1634 2167 tertiis
1668 2126 1893 2181 partibus,

191 2187 245 2245 (F
249 2201 367 2232 orm.
392 2188 534 2247 Cong.
559 2190 698 2248 Gen.)
730 2191 783 2234 In
811 2192 963 2236 officio
993 2194 1258 2252 existentes,
1283 2196 1339 2241 ad
1367 2197 1545 2242 nullam
1571 2199 1899 2261 Congregatio-

190 2277 298 2308 nem
326 2266 658 2323 provincialem
681 2268 757 2325 Jus
790 2269 989 2326 habent,
1024 2276 1070 2315 at
1095 2271 1296 2318 defuncti
1329 2273 1497 2331 officio,
1525 2278 1603 2334 Jus
1634 2278 1808 2324 habent
1839 2282 1895 2325 ad

190 2341 579 2401 (longi-egatmnes
607 2358 704 2389 suae
731 2345 1035 2403 Assistentiae,
1066 2348 1229 2394 saltem
1258 2364 1399 2410 supra
1426 2366 1699 2411 numerum,
1732 2357 1769 2401 si
1798 2371 1891 2403 non

190 2434 244 2462 ex
272 2420 561 2478 antiquitate.
584 2421 655 2480 (C.
680 2422 754 2478 G.,
778 2422 857 2479 IX,
880 2423 977 2482 15.)

246 2497 292 2539 Si
321 2498 423 2555 quis
445 2499 533 2542 hoc
556 2514 725 2544 munus
745 2502 965 2546 ambiisse
987 2505 1302 2563 convIncatur,
1327 2513 1406 2552 aut
1432 2508 1549 2553 alius
1571 2511 1886 2558 exclusionem

188 2575 494 2631 machinasse,
535 2579 1066 2626 excommunicationem
1102 2583 1319 2629 Generali
1355 2592 1639 2632 reservatam
1675 2589 1886 2637 incurrit.

186 2652 270 2703 Qui
306 2653 409 2696 talis
443 2654 798 2700 machinationis
832 2658 1049 2702 conscius
1077 2666 1160 2718 est,
1192 2675 1295 2706 eam
1323 2662 1599 2709 denuntiare
1626 2670 1814 2712 tenetur
1841 2669 1889 2713 in

184 2729 350 2774 virtute
373 2730 432 2774 8ῑὲ
454 2730 760 2778 Obeslientiae.
785 2734 934 2793 (Fom.
959 2736 1101 2796 Cong.
1126 2739 1261 2796 Gen.,
1285 2740 1329 2797 3,
1352 2740 1450 2801 82.)
1471 2742 1691 2788 Attamen
1717 2759 1886 2791 munus

186 2806 513 2852 Assistentium
544 2811 719 2855 nullam
747 2813 1046 2869 praelaturam
1074 2821 1152 2862 aut
1177 2817 1449 2876 dignitatem
1470 2819 1594 2879 (quae
1618 2827 1728 2867 sunt
1748 2837 1883 2882 syno-

184 2884 329 2940 nima)
357 2899 451 2942 prro
479 2901 527 2930 se
555 2888 655 2933 fert.
686 2888 753 2947 (C.
779 2890 853 2947 G.,
878 2892 976 2948 VII,
1002 2892 1130 2951 44.ss

235 2989 246 3015 ⁴
272 2992 341 3027 Pro
365 2993 584 3031 Assistontu
610 2997 806 3034 defuneto.
832 3003 975 3045 praeter
996 3005 1181 3038 consueta
1203 3003 1406 3049 sum-agia,
1433 3005 1620 3042 dicuntur
1647 3009 1725 3044 tres
1751 3009 1881 3045 missae

2093 440 2122 475 aul
2137 444 2144 463 ¹¹

2094 494 2141 534 llll

2094 617 2141 655 illam

2094 673 2145 713 moria

2094 733 2143 773 Provi

2094 798 2139 841 ligem

2095 854 2145 893 fflol'll

2096 1028 2145 1056 nimir.

2097 1072 2143 1106 iuml
