2145 3366
756 274 873 301 {mxx
908 274 1145 302 (ῑιιΜΜΓΝιΛ
1181 276 1433 304 rnovixcric
1877 269 1938 306 121

244 365 346 373 ,-

240 449 287 494 in
311 449 550 493 communi
571 449 874 506 possidentur
899 451 956 493 ab
984 450 1040 494 iis
1062 451 1334 495 Semiliariis
1363 452 1645 496 Nostrorum
1672 469 1776 511 quw
1806 455 1944 512 hujus

237 540 356 571 arca²
387 531 615 584 proventu
645 531 982 572 sustentantur.
1015 546 1035 569 »
1062 527 1137 585 (A.
1172 529 1227 572 R.
1266 529 1315 572 P.
1355 529 1542 584 Mai-tin,
1581 530 1692 574 Ord.
1730 545 1813 588 pro
1844 532 1940 576 rol).

239 609 400 662 temp,
430 618 476 648 n.
506 603 572 663 6.)
608 604 664 649 Et
696 605 795 662 pari
830 606 1009 649 ratione
1043 605 1207 650 haberi
1246 611 1400 664 potest
1440 621 1551 650 arras
1585 608 1939 664 fumlatiomaem,

237 695 326 740 qua
346 681 640 726 fundationes
668 682 763 725 sive
791 682 1110 727 determinatae
1141 684 1234 728 sive
1266 698 1291 727 a
1323 683 1653 741 Superioribus
1682 691 1942 742 opportune

235 759 605 803 determinandae
632 760 939 804 Instituuntur
965 766 1045 805 aut
1075 760 1381 818 perficiantur
1407 761 1567 819 (ibid,
1595 776 1640 805 n.
1666 762 1733 820 7j›;
1762 767 1807 806 et
1831 777 1941 806 (orca

235 850 485 880 causarum
508 838 702 894 pic-trum
729 837 785 881 ad
809 838 909 895 pios
933 838 1050 881 fines
1075 843 1202 881 extra
1229 838 1509 882 Societatem
1539 838 1600 896 (v,
1627 854 1670 896 g.
1701 840 1938 897 orphano-

233 914 511 973 trophium),
549 916 682 973 qu'us
714 914 895 959 ultimae
925 916 1131 959 Societas
1166 930 1262 959 non
1299 916 1442 959 hahet
1479 917 1816 974 proprietatem
1858 917 1939 961 sed

233 992 386 1035 solum
414 992 888 1036 administrationem.
913 992 1074 1051 (Ibid,
1101 1007 1147 1037 n.
1172 993 1240 1052 8.)

290 1069 436 1113 Porro
466 1069 515 1113 C.
538 1070 612 1125 G„
636 1070 805 1125 XXIII,
830 1070 902 1126 33,
932 1071 1138 1114 decrevit
1169 1085 1224 1114 ex
1250 1084 1356 1115 arca
1378 1070 1628 1115 Seminarii
1658 1072 1773 1115 nihil
1802 1086 1939 1130 posse

231 1146 569 1190 Provincialem
602 1148 649 1190 in
680 1147 795 1191 alios
826 1161 941 1191 usus
972 1148 1263 1206 impendere,
1288 1162 1341 1192 ac
1369 1148 1646 1192 servandam
1675 1163 1776 1193 esse
1805 1149 1939 1193 Ordi-

230 1225 470 1269 nationem
503 1238 528 1268 a
562 1225 613 1269 P.
640 1224 698 1269 N.
732 1224 924 1284 (Beckx)
962 1225 1117 1269 datam
1152 1226 1226 1270 die
1255 1226 1313 1270 19
1345 1231 1480 1271 mart.
1511 1226 1644 1272 1859.
1684 1226 1761 1285 (Et
1793 1227 1853 1272 cf.
1880 1228 1934 1273 A.

229 1301 285 1347 R.
310 1302 360 1346 P.
387 1302 574 1359 Martin,
600 1301 712 1346 Ord.
738 1316 822 1361 pro
851 1303 950 1346 rel).
983 1303 1150 1362 temp.)

286 1380 500 1425 Jamvero
532 1380 579 1424 in
607 1380 681 1424 his
709 1379 892 1436 litteris,
928 1380 1133 1426 inculcat
1160 1381 1216 1425 R.
1242 1381 1291 1425 P.
1318 1381 1473 1426 Beckx
1499 1382 1619 1426 hanc
1651 1396 1807 1426 arcam
1835 1397 1936 1427 esse

229 1471 463 1502 summam
485 1471 509 1502 a
532 1458 809 1502 Provinciali
831 1458 1268 1514 administrandam,
1295 1460 1375 1503 sed
1399 1474 1424 1504 a
1445 1460 1666 1504 domibus
1688 1461 1735 1504 in
1763 1460 1935 1519 quibus

228 1535 387 1581 Nostri
411 1535 690 1592 educantur,
715 1537 763 1579 in
791 1537 1030 1580 communi
1057 1551 1339 1595 possessam,
1365 1542 1410 1581 et
1430 1539 1563 1596 cujus
1586 1543 1816 1596 proventu
1842 1539 1936 1582 sin—

227 1613 346 1672 gulae
375 1618 715 1658 sustentantur.
747 1614 814 1658 De
842 1628 934 1673 qua
961 1614 1061 1659 haec
1089 1614 1294 1659 declarat
1321 1620 1366 1659 et
1393 1616 1556 1659 statuit
1580 1631 1587 1659 z

283 1706 332 1752 ‘10
353 1706 460 1751 Non
488 1706 596 1750 licet
622 1707 901 1751 Provinciali
929 1708 1176 1751 instituere
1202 1708 1325 1752 lianc
1352 1721 1507 1751 arcam
1530 1708 1611 1751 ulii
1636 1722 1731 1752 non
1753 1709 1930 1765 existit,

225 1784 305 1829 ubi
343 1785 512 1840 existit,
544 1785 582 1828 si
621 1784 723 1829 fieri
756 1790 925 1843 potest,
964 1799 1038 1829 res
1078 1785 1333 1829 reducatur
1368 1786 1424 1829 ad
1464 1785 1670 1829 Instituti
1698 1800 1930 1843 normam,
1970 1838 1973 1841 ἢ

225 1875 275 1905 ac
297 1862 495 1920 proinde
515 1867 747 1921 proponat
766 1862 1070 1906 Provincialis
1092 1863 1309 1907 Generali
1338 1863 1566 1907 rationem
1590 1877 1679 1921 qua
1701 1864 1936 1908 dividatur

224 1940 348 1985 inter
371 1940 545 1984 Domos
571 1940 903 2000 (probationis)
931 1945 977 1985 et
1003 1940 1222 1999 Collegia.

282 2033 330 2078 20
347 2033 484 2078 Facta
504 2033 747 2090 divisione,
772 2034 984 2078 Rectoris
1006 2039 1077 2078 est
1097 2034 1426 2078 administrare
1448 2047 1533 2092 per
1553 2035 1929 2079 Procuratorem.

223 2110 270 2155 Si
307 2124 412 2170 quaa
451 2125 476 2155 a
517 2111 715 2169 singulis
754 2111 1146 2156 procuratoribus
1187 2113 1342 2156 curari
1385 2112 1632 2156 commode
1673 2117 1930 2170 nequeant,

222 2189 506 2233 Procurator
537 2189 812 2246 Provinciae,
849 2194 930 2234 aut
959 2189 1227 2247 deputatus,
1266 2195 1421 2235 teneat
1452 2191 1658 2234 rationes
1690 2190 1933 2234 distinctas

222 2268 451 2325 cujusque
478 2267 664 2324 domus,
691 2272 736 2311 et
757 2268 1040 2312 Rectoribus
1072 2267 1268 2325 singulis
1296 2268 1527 2312 rationem
1556 2268 1737 2325 reddat,
1764 2273 1809 2312 et
1829 2268 1933 2312 red-

222 2344 348 2389 ditus
375 2346 582 2403 integros
615 2345 729 2404 ipsis
765 2345 974 2390 remittat
1002 2345 1059 2390 ab
1094 2346 1206 2404 ipsis
1238 2345 1596 2405 dispensandos.
1634 2345 1704 2404 (P.
1741 2346 1927 2403 Martin,

221 2422 251 2467 1.
277 2436 337 2478 c.,
367 2437 413 2466 n.
438 2422 537 2482 ΩΟ.)

279 2513 328 2557 30
355 2514 445 2559 Uhi
484 2516 651 2573 nequit
688 2514 791 2558 fieri
831 2515 1019 2573 divisio,
1053 2515 1356 2560 Provincialis
1395 2515 1541 2560 fixum
1579 2516 1736 2560 animo
1774 2521 1931 2561 teneat

220 2592 554 2650 proprietatem
577 2606 696 2637 arcae
717 2607 1017 2652 nequaquam
1041 2607 1142 2638 esse
1169 2608 1315 2653 penes
1342 2594 1652 2650 Provinciam,
1679 2594 1758 2638 sed
1782 2608 1928 2652 penes

219 2669 399 2713 Domus
427 2675 473 2714 et
499 2669 716 2729 Collegia.

283 2761 330 2806 40
356 2761 612 2821 Nequeunt
637 2763 781 2821 igitur
808 2763 881 2809 hae
907 2765 1122 2822 pecuniae
1150 2764 1362 2823 impendi
1392 2765 1441 2807 in
1469 2764 1584 2808 alios
1614 2778 1745 2808 usus.

276 2854 324 2898 50
350 2855 516 2914 Neque
545 2857 593 2899 in
620 2870 736 2900 usus
764 2870 1040 2901 communes
1071 2858 1344 2914 Provincize,
1372 2863 1453 2901 aut
1478 2856 1565 2900 alia
1594 2871 1750 2915 opera,
1775 2871 1923 2916 quan-

218 2933 388 2976 tumvis
421 2934 512 2991 pia.
553 2933 606 2977 In
644 2934 866 2992 exigenda
903 2936 1252 2980 contributione
1290 2935 1346 2979 ad
1388 2939 1606 2993 sumptus
1646 2948 1925 2979 communes

219 3015 430 3054 servetur
457 3011 512 3055 R.
543 3011 619 3056 Pr.
650 3011 723 3056 83.

1993 1397 2045 1423 126
