2145 3366
219 285 297 324 146
912 287 1024 317 PARS
1057 286 1221 315 TERTIA

275 474 407 518 Quoad
435 472 646 518 dignitates
668 471 709 506 in
730 470 814 516 ipsa
845 468 1048 507 Societate,
1081 475 1158 500 non
1185 467 1244 500 est
1275 463 1389 499 facile
1420 461 1729 509 permittendum
1761 462 1804 495 ut
1836 459 1925 505 quis

221 537 310 570 voto
340 543 380 569 se
407 532 551 578 obliget
579 531 627 567 ad
654 540 719 566 eas
740 540 818 565 non
839 526 1107 563 admittendas
1138 524 1216 560 nisi
1246 525 1404 559 coactus
1435 523 1484 558 ab
1507 532 1550 557 eo
1577 521 1645 566 qui
1673 518 1926 566 praecipiendi

221 594 284 638 jus
311 593 450 633 habet;
482 590 709 636 hujusmodi
745 589 848 624 enim
884 589 974 622 vota
1009 583 1336 632 gubernationem
1371 582 1483 618 valde
1518 580 1716 616 difficilem
1752 579 1922 614 reddunt

223 651 278 702 (a.
306 652 435 699 1632).

275 713 444 747 Possunt
461 710 552 746 addi
574 710 652 745 duo
669 707 736 744 alii
760 707 919 743 effectus
940 715 987 740 ex
1009 706 1097 739 voto
1124 701 1356 738 obedientiae
1373 701 1448 737 orti
1474 712 1481 735 z
1506 697 1547 748 a)
1569 698 1760 744 impedire
1782 697 1928 733 scilieet

222 783 270 808 ne
290 771 379 817 quis
401 770 526 806 ullum
548 772 680 804 votum
712 768 837 802 facere
863 764 988 810 possit
1016 763 1119 798 circa
1150 761 1448 807 dispositionem
1472 760 1532 795 sui
1552 758 1693 804 ipsius,
1718 757 1822 803 quod
1849 766 1928 792 non

223 832 274 867 sit
295 829 549 876 superiorum
571 826 766 864 voluntati
785 824 1087 861 subordinatum
1110 818 1266 870 (1590).

277 887 314 940 b)
336 889 560 925 Generatim
581 888 663 923 haee
680 885 816 931 regula
830 895 852 920 a
868 884 1010 919 Suarez
1030 881 1201 918 traditur
1222 891 1230 916 :
1248 880 1380 916 omnia
1400 890 1487 925 quae
1508 879 1549 914 in
1563 878 1650 923 jure
1668 875 1866 913 communi
1882 876 1929 911 de

223 949 468 985 Professione
488 949 718 983 statuuntur
739 945 800 980 his
821 943 922 980 votis
952 941 1142 989 applicari
1164 940 1321 983 debent,
1347 940 1380 975 si
1402 939 1481 975 sint
1503 936 1757 979 favorabilia;
1782 936 1815 971 si
1836 945 1927 970 vero

224 1010 304 1045 sint
324 1009 473 1051 odiosa,
496 1006 685 1053 applicari
715 1005 833 1040 etiam
855 1003 1011 1044 debent,
1035 1001 1114 1037 nisi
1135 1001 1183 1036 oh
1205 999 1331 1046 ipsam
1353 997 1715 1035 immutabilitatem
1736 995 1927 1031 omnimo-

225 1069 315 1105 dam
336 1079 423 1114 quae
443 1065 680 1103 Professioni
701 1075 780 1100 non
800 1073 892 1100 vero
912 1062 974 1098 his
995 1055 1096 1097 {rotis
1117 1060 1235 1103 inest,
1253 1059 1401 1094 fuerint
1422 1060 1584 1094 statuta.
