2145 3366
761 208 1021 236 o1·'1··1‹·.1.x1.1‹3.<
1054 207 1317 235 srrmuouis
1815 197 1890 236 247

188 385 382 428 mininie
405 384 604 427 exclusis
628 384 682 427 iis
705 384 784 442 qui
804 384 1051 441 aliquando
1069 384 1391 441 gubernarint.
1424 384 1734 426 constituendi
1766 389 1887 427 suut.

184 462 317 519 (Cst..
342 461 423 511 ΙΙΙ,
441 474 489 504 11.
513 461 560 514 7;
580 487 636 492 ——
661 461 731 510 VI,
755 474 823 511 111.
846 462 887 504 7.
905 487 960 491 —
980 461 1028 504 (Σ.
1051 462 1124 511 G„
1149 460 1264 504 vul.
1286 460 1536 505 ‘LK—Ius.
1566 465 1725 517 temp..
1754 461 1891 512 Ι.’1;).)

185 538 230 582 Si
254 552 443 582 necesse
466 538 524 582 sit
550 538 764 581 Professo
793 543 996 596 quatuor
1024 544 1232 582 votorum
1265 538 1352 580 boc
1376 551 1546 580 munus
1578 538 1887 580 conmittere.

184 616 457 659 consulatur
483 616 741 666 Generalis9
766 616 844 673 qui
866 614 1101 658 ‹Vlit'tirilom
1120 630 1168 657 se
1191 629 1281 658 non
1306 614 1558 658 exhibebit.
1584 614 1695 672 (Cst.
1724 614 1794 665 w,
1820 628 1887 664 111,

184 694 227 744 7,
250 693 301 736 D.
325 719 381 724 -
403 692 451 736 (1.
483 693 558 743 G..
584 692 704 743 wli.
729 691 796 750 3.)
823 693 959 736 Prius
984 707 1036 736 ea
1067 706 1171 751 quae
1199 693 1254 735 ad
1288 707 1425 735 suuni
1455 706 1626 735 munus
1659 692 1892 748 pertinent

185 770 472 815 edoceantur
511 770 632 814 etin
669 770 888 814 omnibus
925 770 1281 814 wdilicatiouem
1320 770 1478 813 dent¹.
1522 770 1665 812 Porro
1704 769 1890 812 maximi

184 848 393 898 interest,
418 847 589 891 nostris
611 848 871 905 praesertim
898 847 1204 905 temporibus.
1229 853 1278 891 ut
1295 848 1387 891 sint
1409 847 1453 890 iu
1474 847 1616 889 rebus
1639 847 1891 889 owmu‘uui-

183 926 251 971 cis
290 925 441 983 periti,
484 925 754 983 prudentes,
793 924 871 969 lidi
907 931 950 970 et
981 925 1241 983 diligentes.
1274 925 1350 983 (A.
1386 925 1439 968 R.
1476 925 1525 968 P.
1557 924 1741 967 Martiu.
1776 924 1886 966 ΟΜ.

184 1008 347 1061 temp„
379 1001 476 1060 411.)

235 1123 504 1161 1Procurator
535 1135 612 1161 non
643 1125 757 1160 debet
793 1135 877 1160 esse
912 1124 1115 1160 Professus
1163 1125 1280 1159 etiam
1325 1125 1444 1160 trium
1469 1127 1646 1159 votorum
1668 1121 1721 1163 (a.
1758 1121 1888 1172 1636),

180 1185 266 1221 sine
296 1195 484 1231 expressa
514 1185 674 1220 licentia
705 1184 908 1219 Generalis
938 1198 950 1215 u
978 1184 1053 1219 nisi
1085 1184 1125 1218 iu
1157 1187 1319 1230 urgente
1352 1183 1587 1219 necessitate
1620 1186 1656 1218 et
1690 1183 1740 1219 ad
1774 1183 1891 1218 breve

182 1249 335 1291 tempus
362 1259 374 1277 »
401 1241 457 1293 (α.
488 1244 616 1289 1627).
651 1244 723 1279 Nec
756 1244 1056 1279 Procuratorum
1087 1244 1219 1288 inopia
1253 1253 1321 1289 per
1343 1253 1383 1278 se
1404 1244 1453 1278 ab
1487 1243 1558 1277 hac
1588 1243 1723 1286 regula
1754 1243 1891 1277 eximit

181 1305 231 1345 (I).
253 1305 290 1350 ἢ,
320 1304 451 1353 1628).
476 1304 595 1339 Debet
618 1307 747 1339 tamen
776 1303 1009 1338 Procurator
1027 1313 1112 1338 esse
1134 1303 1316 1338 sacerdos
1338 1303 1390 1347 (α.
1419 1302 1551 1350 1569),
1576 1302 1653 1337 nisi
1674 1302 1725 1336 sit
1746 1302 1891 1347 aliquis

180 1363 391 1409 Coadjutor
413 1363 504 1399 huic
534 1363 689 1398 muneri
724 1363 903 1399 idoneus.
928 1363 989 1398 cui
1021 1362 1089 1398 fidi
1113 1362 1236 1407 possit
1264 1362 1368 1407 quod
1399 1372 1477 1396 non
1508 1362 1559 1397 sit
1589 1361 1709 1396 altius
1739 1361 1889 1407 aspira-

180 1426 295 1459 turus
325 1420 555 1472 (a.1602).
590 1422 672 1458 Non
704 1422 818 1458 habet
853 1422 1028 1465 sigillum
1062 1421 1264 1467 proprium
1301 1421 1353 1466 (α.
1382 1421 1515 1467 1590),
1550 1421 1627 1456 nisi
1658 1420 1699 1455 in
1736 1420 1890 1465 magnis

180 1483 363 1529 Collegiis
403 1483 449 1517 de
480 1483 776 1528 dispensatione
813 1482 1086 1524 Provincialis‚
1122 1484 1159 1516 et
1193 1481 1454 1516 communiter
1493 1491 1562 1526 pro
1593 1480 1688 1515 solis
1722 1480 1890 1524 negotiis

180 1550 236 1587 (a.
266 1542 396 1591 1601).
425 1555 440 1576 ι(
466 1542 571 1577 Nihil
601 1542 715 1577 debet
746 1542 891 1577 habere
911 1541 1090 1576 clausum
1113 1541 1216 1586 quod
1245 1540 1431 1585 Superior
1460 1540 1614 1585 aperire
1643 1550 1720 1574 non
1748 1539 1886 1585 possit,

176 1606 318 1648 praeter
336 1612 483 1644 arcam,
504 1602 618 1646 quus
637 1600 772 1646 regula
789 1600 873 1636 vult
894 1610 980 1635 esse
998 1600 1097 1635 duas
1118 1600 1247 1635 claves
1270 1600 1449 1634 diversas
1475 1613 1488 1631 »
1513 1597 1570 1639 (a.
1590 1599 1722 1647 1600).
1750 1612 1765 1632 «
1792 1598 1889 1634 Con-

176 1661 343 1696 suetudo
366 1663 407 1696 ut
426 1661 704 1696 Procuratores
724 1669 803 1695 non
818 1662 953 1705 petant
969 1659 1183 1701 licentiam,
1199 1659 1357 1704 quando
1370 1661 1513 1694 exeunt
1531 1659 1649 1701 foras,
1664 1668 1742 1693 non
1761 1659 1888 1694 solum

175 1721 225 1756 ad
249 1730 311 1756 res
333 1719 465 1762 oflicii,
490 1720 558 1755 sed
579 1719 699 1754 etiam
727 1719 776 1754 ad
805 1719 882 1754 alia
905 1719 1075 1765 negotia,
1097 1729 1175 1754 non
1196 1721 1255 1754 est
1277 1718 1495 1760 toleranda,
1523 1728 1610 1753 cum
1634 1718 1685 1753 sit
1706 1728 1888 1763 expresse

175 1783 311 1816 contra
324 1780 502 1826 regulam
515 1780 663 1815 claram
678 1790 685 1822 ;
701 1779 864 1824 ideoque
876 1789 954 1814 non
968 1779 1095 1814 solum
1109 1778 1268 1823 quando
1279 1781 1438 1815 exeunt.
1457 1778 1523 1813 sed
1537 1778 1694 1822 quando
1706 1778 1885 1820 redeunt.

177 1840 343 1875 reddant
375 1839 568 1875 rationem
600 1839 701 1874 sicut
728 1838 796 1874 alii
817 1838 858 1873 in
880 1839 995 1873 domo
1020 1852 1034 1871 »
1061 1836 1116 1886 (a.
1150 1837 1280 1886 1606).
1309 1850 1323 1870 «
1352 1837 1465 1872 Nulla
1484 1840 1543 1872 est
1564 1837 1888 1872 Procuratoribus

176 1899 369 1945 largiendi
390 1899 576 1945 privatim
598 1901 666 1934 aut
687 1898 905 1944 accipiendi
925 1898 1105 1939 facultas,
1126 1897 1204 1932 nisi
1225 1907 1344 1943 quam
1366 1908 1387 1932 a
1410 1897 1687 1942 Superioribus
1708 1896 1887 1931 nomina-

176 1959 301 1994 natim
337 1962 405 1994 aut
438 1958 657 2005 generatim
692 1958 914 2003 acceperint
941 1974 954 1989 »
993 1954 1043 2006 (a.
1074 1957 1205 2005 1642).
1242 1957 1302 1992 Ad
1335 1957 1442 2002 ipsos
1475 1958 1624 2002 spectat
1655 1966 1748 1992 cura
1785 1957 1887 1991 horti

175 2017 232 2067 (a.
260 2016 393 2068 1647),
418 2018 522 2064 magi
542 2027 661 2063 quam
680 2018 729 2053 ad
750 2017 993 2053 Ministrum.

229 2079 367 2114 Visum
388 2080 448 2114 est
468 2078 517 2113 ad
541 2077 772 2124 petitionem
793 2077 963 2122 alicujus
986 2077 1201 2112 Provinciae
1230 2076 1520 2112 decernendum
1543 2078 1580 2111 et
1598 2076 1817 2111 curandum
1839 2086 1887 2111 ne

176 2138 358 2174 Rectores
380 2137 500 2173 Simul
535 2137 616 2173 sint
637 2136 915 2172 Procuratores
934 2133 990 2177 (a.
1018 2136 1146 2182 1646).

229 2198 366 2233 Libros
399 2197 599 2233 rationum
633 2206 702 2232 seu
732 2199 1005 2241 computorum
1040 2199 1120 2232 tam
1153 2198 1334 2231 accurate
1363 2195 1544 2230 conficiat
1576 2195 1809 2230 Procurator
1845 2198 1886 2230 ut

177 2257 457 2303 Superioribus
478 2256 619 2302 quovis
639 2259 814 2302 tempore
829 2256 875 2291 de
892 2266 982 2291 vera
996 2255 1052 2291 rei
1068 2255 1279 2291 familiaris
1299 2255 1523 2290 conditione
1543 2257 1724 2290 constare
1743 2256 1883 2300 possit.

176 2317 229 2352 Ea
257 2326 349 2352 vero
378 2326 466 2361 quae
493 2326 515 2350 a
536 2315 793 2351 Procuratore
822 2315 863 2351 in
894 2316 1051 2351 tabulas
1081 2315 1205 2351 relata
1226 2317 1263 2351 et
1291 2325 1314 2351 a
1339 2315 1547 2360 Superiore
1577 2314 1722 2350 Domus
1755 2325 1885 2350 coram

176 2376 358 2412 Ministro
378 2375 493 2411 initio
516 2374 664 2410 mensis
685 2375 911 2410 examinata
933 2375 1095 2417 fuerint,
1117 2375 1221 2410 idem
1244 2374 1431 2421 Superior
1458 2375 1622 2420 probata
1644 2374 1882 2410 subscribat.

179 2437 359 2482 Insuper,
384 2438 427 2471 ut
458 2435 632 2470 Decretis
665 2434 903 2480 Apostolicis
933 2435 1030 2470 satis
1061 2434 1144 2477 fiat,
1168 2435 1216 2470 de
1244 2434 1379 2469 missis
1409 2433 1579 2479 acceptis
1608 2437 1645 2468 et
1679 2433 1885 2469 celebratis

180 2495 380 2542 Superiori
402 2504 533 2530 coram
560 2494 742 2529 Ministro
772 2494 941 2539 singuiis
970 2494 1173 2530 mensibus
1202 2494 1395 2529 rationem
1416 2493 1554 2528 reddat
1580 2493 1825 2536 Procurator,
1849 2497 1882 2528 et

178 2554 415 2590 Provinciali
449 2553 490 2589 in
525 2553 750 2588 visitatione
783 2562 916 2588 annua
949 2553 1148 2599 Superior.
1183 2553 1239 2588 Ita
1268 2552 1314 2588 A.
1346 2553 1389 2588 R.
1424 2552 1464 2588 P.
1500 2552 1658 2594 Martio,
1694 2552 1786 2595 Ord,
1816 2563 1885 2598 pro

178 2617 298 2660 temp.
324 2613 388 2657 43,
403 2624 490 2659 sqq.
524 2634 564 2638 —
581 2613 701 2658 Cujus
722 2613 806 2648 ord.
824 2612 934 2658 juvat
950 2613 1187 2658 quandoque
1208 2612 1247 2647 in
1269 2612 1634 2648 Consultationibus
1656 2612 1884 2647 memoriam

180 2674 463 2720 redintegrare,
481 2675 518 2708 et
539 2673 586 2708 de
607 2672 784 2718 ejusdem
798 2672 1087 2713 observatione,
1112 2673 1274 2708 statutis
1296 2672 1554 2717 temporibus,
1580 2671 1826 2717 Superiorem
1848 2674 1885 2707 et

180 2733 432 2770 Consultores
453 2732 502 2768 ad
524 2732 754 2768 Generalem
778 2731 962 2768 scribere.
987 2729 1123 2781 (lbid.‚
1149 2732 1233 2781 4⁸.)
