2145 3366
167 1034 219 1060 550

264 316 288 352 ff*

291 318 313 351 'J-

324 316 341 352 “m

999 324 1226 351 ,erissNblx

1093 652 1130 695 V

881 826 1035 860 HORAE
1071 825 1338 861 CANONICAE

314 1012 362 1057 10
391 1012 675 1057 Ordinanclae
703 1017 811 1055 sunt
838 1012 966 1055 horae
995 1011 1230 1055 canonica]
1255 1013 1384 1070 Juxta
1403 1012 1703 1056 novissimam
1732 1014 1965 1058 recensio-

255 1104 363 1134 nem
392 1089 641 1134 calendarii
672 1089 819 1133 nostri
846 1089 1058 1147 perpetui
1080 1103 1105 1132 a
1135 1089 1290 1133 Leone
1317 1090 1443 1146 XIII,
1474 1090 1502 1133 6
1529 1090 1629 1133 dec.
1654 1090 1771 1135 ‘1888
1799 1105 1965 1149 appro-

256 1168 426 1224 batam,
458 1172 503 1211 et
530 1180 632 1224 quae
663 1167 897 1211 invenitur
924 1167 970 1209 in
994 1167 1226 1222 InstitutO,
1253 1172 1283 1211 t.
1310 1167 1392 1223 ΙΙΙ,
1418 1181 1522 1225 app.
1547 1167 1590 1223 1,
1612 1182 1656 1225 p.
1684 1167 1755 1223 70,
1781 1183 1881 1226 sqq.
1914 1169 1966 1212 In

254 1246 330 1289 illo
353 1245 613 1303 adaptando
635 1245 692 1288 ad
715 1244 1034 1288 calendarium
1055 1245 1334 1302 particulare
1352 1246 1575 1303 cujusque
1595 1246 1850 1290 Provincife
1869 1260 1966 1304 prze

255 1324 401 1368 oculis
428 1323 654 1367 habendae
683 1328 790 1366 sunt
813 1322 1242 1366 animadversiones
1265 1322 1441 1366 ibidem
1464 1323 1510 1365 in
1533 1322 1624 1366 fine
1651 1324 1829 1380 positae,
1855 1337 1964 1367 nec-

253 1415 346 1445 non
368 1400 522 1444 missae
544 1405 590 1443 et
616 1399 770 1444 officia
797 1400 940 1443 aliave
961 1399 1141 1443 indulta
1163 1400 1398 1444 recentius
1423 1399 1641 1444 Societati
1665 1414 1903 1445 concessa.

311 1490 354 1534 2⁰
380 1490 535 1534 Horas
561 1490 819 1533 matutinas
836 1491 1112 1546 postponere
1140 1489 1312 1544 missae,
1346 1491 1472 1547 justa.
1501 1489 1557 1532 de
1587 1503 1742 1545 causa,
1775 1490 1968 1547 quilibet

255 1582 278 1611 e
295 1567 466 1611 nostris
483 1567 803 1611 sacerdotibus
820 1571 989 1624 potest,
1015 1571 1060 1610 et
1080 1566 1127 1609 in
1150 1566 1292 1611 dubio
1312 1565 1536 1624 Superior
1559 1581 1665 1610 cum
1688 1567 1765 1610 illo
1784 1567 1968 1625 dispen-

253 1659 355 1689 sare
379 1645 509 1688 valet.
536 1644 785 1688 Matutinas
807 1649 851 1688 et
874 1643 1034 1687 laudes
1063 1643 1154 1687 diei
1176 1644 1467 1701 insequentis
1492 1644 1606 1687 hora
1628 1645 1830 1688 secunda
1858 1651 1968 1702 post

255 1722 499 1765 meridiem
534 1722 729 1765 recitare
762 1726 959 1778 possunt
985 1723 1109 1779 justa
1136 1722 1192 1765 de
1221 1735 1359 1765 causa
1386 1736 1394 1764 2
1428 1722 1529 1765 talis
1565 1727 1721 1765 autem
1750 1727 1968 1766 censetur

258 1813 397 1857 quam
420 1799 640 1857 Superior
662 1799 1033 1842 confessariusve
1050 1799 1289 1856 approbat.
1319 1799 1518 1856 Insuper
1535 1799 1800 1843 facultatem
1819 1800 1967 1843 facere

257 1883 450 1935 possunt
473 1877 746 1934 Superiores
761 1877 899 1920 horas
918 1876 1111 1919 uniendi
1129 1881 1207 1920 aut
1231 1876 1492 1920 decidendi.
1521 1877 1687 1936 (Comp
1721 1877 1824 1933 317,
1847 1883 1968 1936 sqq.)

258 1954 370 2007 Quae
394 1955 564 2011 omnia,
590 1959 640 1998 ut
667 1959 793 2012 patet
823 1968 875 1997 ex
906 1953 1151 2011 disputatis
1180 1954 1300 2011 apud
1329 1960 1555 2010 auctores,
1589 1960 1696 1998 sunt
1726 1955 1781 1998 ad
1810 1960 1967 1998 caute-
2001 1987 2004 1992 .
2065 1982 2121 2019 »(11

260 2032 367 2076 lam.

316 2122 359 2165 3⁰
383 2121 680 2165 Commutare
702 2120 789 2165 sibi
813 2125 1022 2177 possunt,
1049 2120 1106 2163 ob
1136 2120 1395 2178 legitimum
1418 2120 1828 2178 impedimentum,
1851 2121 1967 2165 reci-

260 2200 480 2243 tationem
501 2198 719 2243 breviarii
742 2198 789 2240 in
811 2198 1133 2242 recitationem
1163 2198 1325 2241 rosarii
1353 2198 1520 2241 aliasve
1543 2212 1706 2255 preces
1736 2199 1768 2241 ii
1797 2198 1967 2256 quibus

261 2276 558 2321 Provincialis
590 2275 850 2330 indulserit,
879 2275 1228 2332 interpretando
1258 2281 1415 2319 tamen
1439 2275 1552 2319 illud
1574 2276 1967 2333 impedimentum

263 2354 465 2397 strictius
494 2367 631 2410 quam
652 2353 805 2396 latius.
824 2352 1024 2411 (Comp,
1048 2352 1151 2407 117,
1175 2352 1297 2406 118.)
1321 2353 1519 2410 Insuper
1539 2358 1826 2397 commutare
1845 2367 1968 2397 eam-

264 2431 370 2474 dem
404 2431 733 2489 obligationem
769 2430 909 2473 simili
940 2430 1118 2473 ratione
1146 2435 1343 2487 possunt
1378 2429 1650 2487 Superiores
1676 2435 1721 2474 et
1747 2431 1968 2475 ordinarii

264 2508 534 2552 confessarii
561 2507 784 2563 infirmis,
819 2520 1001 2550 necnon
1032 2507 1337 2550 missionariis
1360 2508 1406 2549 in
1429 2512 1532 2550 actu
1566 2508 1861 2564 missionum,
1895 2508 1967 2552 iti-

265 2600 431 2629 nereve
453 2586 508 2629 ad
536 2585 656 2641 illos,
684 2590 728 2628 et
748 2584 794 2627 in
816 2584 1076 2639 Exercitiis,
1107 2585 1315 2640 novenis,
1348 2585 1512 2628 triduis
1533 2590 1611 2628 aut
1629 2585 1835 2642 qualibet
1856 2599 1967 2629 con-

264 2664 439 2707 tinuata
471 2662 822 2720 przedicatione3
860 2667 904 2705 et
936 2661 1119 2705 tandem
1151 2662 1348 2706 subditis
1382 2662 1429 2705 in
1456 2662 1640 2719 pietatis
1677 2676 1967 2707 sacrarumve

266 2741 523 2784 litterarum
543 2739 695 2783 studio
715 2744 795 2783 aut
815 2739 1019 2782 caritatis
1041 2739 1261 2797 oporibus
1280 2739 1495 2784 detentis,
1521 2739 1788 2784 Notandum
1812 2745 1967 2784 tamen

267 2823 335 2861 cst
363 2817 501 2874 quod,
526 2822 699 2861 attento
727 2816 891 2860 saltem
916 2822 1077 2860 tenore
1099 2817 1198 2873 ipso
1221 2817 1462 2874 privilegii,
1490 2817 1640 2873 quoad
1664 2817 1748 2860 hos
1779 2817 1967 2862 ultimos

266 2896 291 2946 (i
305 2932 311 2938 .
326 2910 365 2938 c.
380 2896 453 2951 qui
477 2895 652 2937 rationo
669 2908 759 2938 non
776 2893 1063 2937 infirmitatis
1082 2899 1160 2937 aut
1180 2894 1394 2937 laborum
1413 2894 1661 2945 missionis.
1676 2894 1755 2938 sed
1771 2894 1965 2938 aliarum

268 2974 617 3029 occupationinn
643 2986 667 3015 a
692 2972 939 3029 Superiore
961 2977 1041 3016 aut
1065 2972 1349 3016 confessario
1378 2972 1720 3029 dispensantur)
1748 2972 1966 3016 determi-

269 3056 401 3093 natur
440 3050 485 3092 in
532 3050 690 3106 Comp.
736 3049 782 3092 in
825 3062 1051 3106 quasnam
1086 3063 1246 3107 preces
1286 3049 1452 3094 debeat
1498 3048 1597 3092 lieri
1644 3050 1960 3093 commutatio.
