2145 3366
98 653 148 680 171

208 272 286 311 ’156
909 288 1020 317 PARS
1053 288 1215 317 'suarm

206 461 391 506 vinciali
426 463 757 508 conservandae
797 465 982 521 erunt⁴‚
1027 465 1179 522 quoad
1214 466 1478 510 executioni
1525 467 1755 513 mandatae
1801 470 1908 516 sint.

206 537 369 598 (Ibid.)

265 652 278 679 ¹
319 655 621 692 informationes
660 657 738 702 peti
777 667 855 693 non
895 657 1038 693 debent
1076 668 1098 693 a
1137 658 1385 695 Confessario
1431 660 1644 696 domestico
1683 661 1913 699 Nostrorum

208 712 259 763 (a.
284 714 399 758 1612,
424 715 554 763 1625),
578 726 648 752 nec
669 717 718 752 ab
739 717 788 752 iis
809 718 877 762 qui
899 717 1127 753 Sacerdotes
1149 728 1227 753 non
1243 721 1347 762 sunt,
1369 729 1440 755 nec
1460 730 1482 755 a
1503 720 1805 757 Consultoribus
1825 722 1914 757 Pro-

205 773 343 809 vinciae
367 772 418 825 (a.
444 774 572 823 1599).
599 788 613 809 «
639 776 941 812 Informationes
966 777 1015 812 ad
1035 778 1203 823 gradum
1226 780 1309 814 tum
1328 780 1610 825 autographas,
1648 783 1731 816 tum
1753 781 1911 817 consul-

205 835 322 877 tatas,
346 836 441 870 tunc
467 835 618 871 destrui
645 845 759 881 posse
782 846 871 871 cum
893 836 1132 882 Praepositus
1160 837 1375 873 Provinciae
1401 839 1556 874 decreta
1584 843 1773 886 receperit
1794 841 1843 877 ad
1870 851 1912 877 ea

204 893 457 937 pertinentia.
487 907 502 928 »
527 892 585 943 (P.
609 895 751 938 Beckx,
775 895 804 931 i.
827 895 876 931 20
898 897 990 931 maii
1015 896 1131 940 1866,
1157 907 1245 932 cum
1268 897 1374 947 CC.).

258 952 560 989 Informationes
583 954 629 990 de
649 955 928 1000 promovendis
950 956 999 991 ad
1024 957 1193 999 gradum
1214 967 1293 992 non
1312 967 1424 994 secus
1446 968 1490 993 ac
1512 959 1558 994 de
1578 959 1681 1004 aptis
1702 960 1751 995 ad
1772 960 1913 1006 guber-

202 1013 393 1051 nandum.
419 1012 721 1049 Consultoribus
753 1015 1021 1060 cong-regatis,
1046 1018 1239 1060 quantum
1274 1016 1358 1051 sieri
1393 1020 1540 1062 potest,
1577 1018 1914 1055 communicandae

204 1075 311 1115 sunt,
333 1076 375 1107 ut
394 1073 591 1108 maturius
613 1073 892 1110 discutiantur.
923 1074 1066 1110 Eorum
1085 1075 1152 1120 qui
1175 1076 1274 1111 forte
1295 1077 1479 1112 abessent
1501 1078 1706 1113 sententiae
1727 1088 1795 1123 per
1812 1078 1915 1114 litte-

203 1141 268 1167 ras
292 1132 544 1178 exquirendae
565 1135 696 1167 essent
718 1130 769 1181 (b.
793 1133 816 1179 ἢ
844 1133 958 1170 1696.
984 1134 1170 1170 Confirm.
1193 1136 1221 1182 f.
1250 1135 1296 1171 18
1320 1136 1414 1171 maii
1439 1136 1572 1182 1833).
1599 1136 1851 1173 Consultores
1872 1138 1913 1173 in

203 1191 319 1227 unica
349 1191 492 1226 scheda
523 1192 569 1227 de
598 1193 782 1228 omnibus
815 1194 1093 1238 promovendis
1127 1204 1244 1229 suum
1276 1195 1511 1241 suffragium
1542 1196 1780 1241 exprimant.
1814 1197 1913 1242 Erga

203 1251 328 1286 socios
355 1251 422 1296 qui
444 1251 483 1286 in
511 1251 641 1286 aliena
662 1252 867 1287 Provincia
889 1253 1037 1298 degunt
1064 1253 1365 1290 informationes
1392 1255 1441 1290 ab
1469 1256 1679 1301 utriusque
1699 1256 1914 1291 Provinciae

202 1311 504 1347 Consultoribus
523 1311 776 1356 exquirenda²
798 1315 892 1347 sunt
912 1309 957 1360 (f.
984 1312 1028 1347 18
1052 1313 1146 1348 maii
1168 1311 1301 1362 1833).
1326 1314 1559 1359 Hujusmodi
1581 1315 1804 1361 graduandi
1825 1325 1913 1361 pro-

201 1370 371 1417 ponendi
394 1373 487 1405 sunt
512 1380 534 1405 a
560 1371 797 1406 Provinciali
825 1371 1040 1407 Provinciae
1061 1373 1102 1408 in
1124 1383 1201 1418 qua
1228 1376 1453 1417 versantur,
1477 1374 1636 1420 proprio
1663 1385 1797 1410 eorum
1821 1375 1912 1410 Pro-

201 1430 361 1466 vinciali
382 1430 614 1475 przemonito
634 1427 688 1477 (d.
714 1433 829 1467 mart.
862 1429 991 1480 1862).

253 1505 270 1532 2
291 1508 330 1544 Si
351 1508 535 1554 pluribus
556 1507 861 1544 consultoribus
885 1509 1045 1554 ignotus
1073 1509 1124 1545 sit
1146 1510 1179 1545 is
1201 1511 1248 1546 de
1269 1511 1382 1556 Cujus
1408 1511 1652 1556 promotione
1678 1512 1824 1557 agitur,
1844 1512 1913 1548 alii

201 1569 336 1603 Patres
356 1578 496 1614 graves
521 1568 588 1612 qui
610 1578 698 1603 eum
721 1571 868 1604 norunt
889 1569 987 1614 ipsis
1015 1569 1142 1605 suffici
1169 1573 1335 1615 possunt
1358 1567 1402 1618 (f.
1429 1570 1473 1606 18
1499 1571 1592 1606 maii
1617 1570 1748 1620 1833).
1775 1572 1856 1607 Imo
1875 1574 1913 1608 et

201 1629 357 1664 debent.
382 1627 439 1663 CI.
462 1627 543 1670 Or.,
567 1638 681 1670 xvlu,
707 1627 743 1669 4,
768 1638 808 1663 n.
835 1628 871 1663 4.
901 1641 915 1661 «
942 1628 1244 1665 Consultoribus
1273 1640 1295 1665 a
1322 1630 1557 1666 Provinciali
1585 1631 1911 1667 communicanda

201 1688 359 1733 quidem
388 1684 516 1735 (sunt)
545 1697 589 1722 ea
619 1697 706 1732 quae
736 1688 786 1723 ad
816 1688 994 1733 ipsorum
1024 1689 1216 1734 judicium
1248 1691 1501 1726 forniandum
1533 1694 1626 1726 sunt
1655 1691 1907 1728 necessaria:

201 1748 269 1783 sed
289 1747 386 1782 nihil
413 1747 608 1792 agendum
629 1757 705 1792 quo
724 1747 764 1782 in
783 1747 884 1783 lianc
902 1748 1155 1794 potiusquam
1176 1749 1217 1784 in
1234 1749 1344 1785 illam
1366 1750 1609 1786 inclinentur
1630 1750 1865 1786 sententiam
1891 1765 1904 1784 »

201 1804 244 1855 (f.
271 1806 319 1841 28
341 1816 425 1851 apr.
455 1803 584 1855 1836).

252 1881 268 1908 3
295 1885 435 1920 Melius
465 1885 539 1920 erit
572 1888 614 1921 ut
647 1886 697 1921 ad
734 1886 890 1932 singula
924 1886 1218 1922 informationis
1253 1887 1381 1933 capita
1415 1887 1672 1923 Provincialis
1706 1889 1909 1924 sententia.¹

199 1945 477 1979 Consultorum
499 1954 610 1979 suani
633 1945 847 1991 subjungat
871 1943 914 1992 (f.
941 1945 988 1979 27
1012 1945 1088 1980 feb.
1118 1945 1248 1994 1836).

252 2004 340 2039 Hzec
360 2007 419 2039 est
440 2004 562 2049 igitur
581 2014 735 2039 sumnia
757 2005 813 2039 rei
838 2017 845 2039 2
880 2005 910 2039 1ὓ
935 2005 1186 2049 Respondent
1207 2005 1486 2041 informatores
1508 2007 1704 2051 capitibus
1727 2007 1908 2053 paradig-

200 2064 316 2099 matis
338 2063 440 2108 quod
463 2063 630 2098 liabetur
651 2064 691 2098 in
713 2064 776 2099 Or.
801 2075 914 2105 xx‘111,
939 2065 978 2099 P.
1004 2064 1041 2099 ὃ.
1067 2061 1140 2112 (Cf.
1168 2065 1348 2100 Prortica
1378 2066 1429 2101 ad
1455 2065 1667 2112 sormidam
1694 2067 1902 2109 scribendi,

199 2123 239 2158 P.
266 2122 302 2163 2,
330 2133 369 2157 n.
398 2120 451 2171 4).
479 2143 525 2147 —-
558 2123 594 2157 2⁰
620 2123 872 2158 Consultores
904 2123 1117 2158 Provincia¹
1147 2127 1184 2159 et
1212 2125 1469 2160 Provincialis
1498 2126 1694 2170 capitibus
1726 2126 1907 2172 paradig-

200 2182 336 2220 matis,
368 2182 408 2217 P.
440 2182 482 2224 73
515 2182 617 2226 quod
647 2182 877 2227 paradigma
908 2193 996 2217 cum
1028 2184 1230 2228 responsis
1261 2184 1433 2219 mittitur
1455 2185 1649 2220 (ienerali.
1684 2183 1758 2233 (Cf.
1789 2186 1904 2229 ibid.,

199 2238 415 2289 practica.)
446 2262 491 2265 —
525 2241 562 2276 3⁰
590 2241 762 2286 Quisque
795 2241 1003 2277 Consultor
1037 2245 1073 2277 et
1105 2243 1361 2278 Provincialis
1395 2244 1516 2278 mittit
1548 2247 1696 2279 secreto
1726 2244 1908 2280 Generali

200 2311 316 2336 suum
336 2301 530 2346 judicium
551 2301 598 2336 de
619 2302 884 2346 promovendo
910 2312 1031 2337 necne
1051 2302 1163 2347 juxta
1185 2303 1386 2348 exemplar
1407 2303 1510 2348 quod
1538 2303 1705 2338 liabetur
1725 2304 1765 2338 in
1785 2306 1907 2340 Prac-

200 2360 279 2396 tica
301 2359 352 2395 ad
372 2359 587 2407 formulam
603 2360 811 2403 scribendi,
838 2361 877 2396 P.
905 2361 941 2398 2,
962 2372 994 2396 c.
1021 2361 1057 2399 4,
1082 2357 1101 2410 ξ
1124 2361 1160 2396 2.
1184 2361 1242 2409 (Ρ.
1267 2362 1409 2405 Beckx,
1438 2362 1482 2396 18
1506 2363 1581 2398 feb.
1612 2360 1744 2412 1859.)

251 2433 268 2460 4
292 2437 333 2471 In
363 2437 605 2481 promotione
635 2437 683 2472 ad
714 2438 862 2483 gradus
891 2438 1120 2483 Superiores
1146 2439 1320 2483 graviter
1350 2439 1577 2484 obligantur
1605 2440 1655 2475 ad
1686 2441 1905 2484 sequendas

200 2495 374 2532 Instituti
402 2496 520 2542 leges,
545 2497 617 2532 etsi
646 2497 852 2533 interiores
880 2497 1149 2533 indifferentes
1176 2507 1262 2533 esse
1289 2498 1456 2533 debeant
1480 2496 1523 2546 (s.
1554 2498 1598 2533 12
1626 2502 1741 2534 mart.
1769 2499 1900 2548 1833).
