2145 3366
168 2096 217 2122 '40ss

270 242 348 280 :³64
956 254 1067 282 mas
1099 254 1291 282 SEPTIMA

273 430 467 488 insuper
507 431 823 475 conditionem
856 432 1102 490 regionum
1138 431 1407 475 dissitarum
1446 432 1601 488 hodie,
1636 437 1807 477 attenta
1845 448 1974 477 com-

273 505 457 548 meandi
480 505 712 560 facilitate,
738 506 872 549 aliani
903 520 1093 562 prorsus
1121 520 1222 549 esse
1251 519 1303 549 ac
1331 511 1482 550 antea.

330 582 395 626 De
417 583 502 625 hac
524 588 616 627 tota
646 584 841 626 materia
868 583 926 626 cf.
960 583 1009 627 P.
1030 583 1224 639 Villada,
1246 598 1292 641 p.
1325 583 1384 640 ΙΙ,
1406 598 1446 627 a.
1466 583 1510 628 1.
1531 583 1620 628 Pro
1649 586 1975 643 navigantibus

271 657 545 714 approbatio
569 657 706 700 datur
724 657 781 701 ab
804 657 1034 714 Episcopo
1057 657 1145 701 loci
1168 658 1294 701 unde
1312 658 1521 713 solvitur,
1545 664 1589 703 et
1609 658 1729 703 valet
1750 673 1895 717 usque
1919 660 1975 703 ad

272 731 413 774 linem
454 732 664 788 itineris,
705 732 843 775 etiam
884 732 1190 789 probabiliter
1232 733 1278 775 in
1320 733 1598 777 stationibus
1636 735 1977 778 momentaneis

271 807 490 864 (escales).
521 811 566 849 at
593 806 657 849 ibi
687 806 839 850 solum
865 807 912 849 in
941 807 1045 850 navi
1067 811 1112 850 et
1131 812 1284 864 portu.
1308 807 1395 866 (Cf.
1427 807 1622 864 Villada,
1647 822 1693 852 n.
1723 808 1826 863 126,
1853 823 1974 866 sqq„

272 882 350 940 qui
392 885 525 938 putat
564 881 716 924 locum
760 881 888 924 unde
928 881 1120 926 solvitur
1158 881 1514 939 intelligendum
1555 897 1655 926 esse
1702 884 1856 927 locum
1897 884 1977 927 ubi

274 957 488 1001 sacerdos
508 956 659 1000 navim
680 956 840 1011 subit.)

331 1031 617 1075 Facultateni
654 1031 894 1088 regulares
926 1031 1071 1074 semel
1105 1031 1385 1089 approbatos
1416 1032 1472 1075 ad
1505 1046 1699 1076 examen
1732 1033 1976 1076 revocandi

271 1107 453 1150 Vicario
488 1106 693 1163 generali
722 1119 814 1148 non
853 1111 1120 1162 competere
1151 1106 1286 1150 docet
1321 1107 1484 1150 Bouix.
1521 1106 1607 1165 (De
1643 1109 1748 1165 jure
1788 1107 1974 1166 Regul.,

273 1187 302 1226 t.
329 1182 388 1237 ΙΙ,
412 1195 455 1239 p.
481 1181 601 1234 246.)

332 1256 377 1300 Si
406 1256 511 1314 quis
540 1269 649 1299 vero
684 1256 729 1299 in
765 1256 928 1314 aliquo
956 1256 1055 1299 loco
1089 1256 1178 1299 suit
1204 1256 1444 1300 indefinite
1482 1257 1765 1314 approbatus
1800 1263 1844 1301 et
1870 1258 1978 1300 inde

272 1331 499 1380 discessit.
521 1334 682 1387 postea
701 1329 888 1373 rediens
905 1343 1020 1373 nova
1041 1330 1378 1387 approbatione
1399 1344 1491 1374 non
1513 1331 1690 1389 indiget
1709 1331 1979 1390 (Gury-Bal-

273 1405 428 1459 lerini,
462 1409 494 1448 t.
529 1403 588 1460 II,
623 1417 669 1446 11.
702 1403 822 1457 561),
856 1404 945 1447 11151
980 1404 1043 1448 ihi
1078 1404 1319 1448 facultates
1351 1405 1488 1449 etiam
1521 1404 1774 1449 indefinitae
1807 1406 1980 1450 suerint

273 1485 514 1536 revocatze,
541 1484 594 1523 ut
611 1492 734 1536 szepe
756 1478 822 1535 fit,
849 1493 932 1536 per
954 1493 1098 1522 novos
1120 1479 1388 1536 Episcopos.

333 1557 632 1614 Improbatus
661 1556 747 1600 suit
777 1569 801 1599 a
834 1556 970 1600 Patre
1005 1561 1164 1600 nostro
1198 1556 1417 1601 Generali
1446 1557 1618 1601 Rector
1647 1558 1727 1615 qui
1761 1563 1980 1615 paruerat

273 1631 638 1689 Archiepiscopo
673 1629 999 1673 Elnedunensi
1028 1630 1298 1688 prohibenti
1332 1644 1390 1674 ne
1433 1630 1618 1687 Nostri,
1656 1636 1867 1689 tempore
1898 1645 1977 1689 pa-

274 1706 435 1762 schali,
452 1706 499 1749 in
516 1719 601 1749 sua
619 1705 827 1749 Ecclesia
840 1706 1156 1749 confessiones
1175 1706 1405 1762 audirent,
1426 1712 1470 1750 et
1486 1706 1670 1764 jubenti
1684 1712 1735 1750 111
1757 1707 1803 1749 in
1822 1706 1978 1750 Eccle-

274 1782 340 1824 sia
356 1779 610 1825 cathedrali
626 1779 804 1838 aliquot
817 1794 871 1823 ex
884 1780 997 1837 ipsis
1012 1780 1100 1824 hoc
1115 1780 1431 1824 ministerium
1448 1786 1720 1825 exercerent
1733 1780 1797 1839 (a.
1816 1780 1952 1836 1652)
1966 1796 1974 1837 3

274 1869 476 1914 cumque
497 1855 630 1899 annis
659 1855 967 1913 sequentibus
994 1856 1096 1899 haec
1122 1856 1376 1913 prohibitio
1408 1862 1626 1900 renovata
1656 1856 1834 1911 11115501,
1861 1857 1977 1914 jussi

274 1936 383 1975 sunt
402 1930 561 1975 Nostri
584 1930 793 1973 modeste
819 1944 921 1973 sese
945 1944 1183 1986 excusare,
1209 1944 1384 1988 suaque
1408 1931 1645 1989 privilegia
1666 1931 1912 1975 ostendere
1934 1935 1980 1975 et
2014 1978 2017 1982 ,

273 2019 458 2049 servare
480 2007 545 2062 (11.
569 2004 719 2063 1657).

334 2083 444 2127 Ηῖο0
472 2083 528 2126 de
555 2082 906 2140 approbatione.
933 2082 1202 2126 Jurisdictio
1231 2096 1339 2126 vero
1363 2082 1499 2126 datur
1525 2096 1549 2126 a
1578 2082 1622 2126 S.
1649 2082 1874 2126 Pontilice
1898 2097 1980 2140 per

274 2163 457 2201 nostros
476 2156 751 2214 Superiores
767 2155 850 2213 (ita
871 2156 1150 2211 communis,
1170 2156 1228 2200 ol)
1248 2170 1386 2214 quam
1409 2157 1736 2214 praetereunda
1758 2157 1978 2201 0511111111-

276 2233 383 2276 tatio
406 2231 716 2289 quorumdam
742 2230 864 2287 apud
894 2230 944 2274 P.
978 2230 1135 2287 Melot,
1157 2244 1203 2274 n.
1229 2230 1332 2287 335,
1364 2231 1483 2274 circa
1512 2230 1592 2274 lin.
1615 2258 1671 2262 —
1698 2230 1762 2275 Cf.
1793 2245 1978 2290 quoque

274 2307 487 2362 Bizzarri,
518 2320 563 2363 p.
594 2305 696 2360 809,
727 2310 849 2363 sqq.)
877 2305 935 2349 Et
968 2305 1057 2348 nisi
1092 2319 1310 2363 expresse
1348 2305 1592 2363 limitetur,
1629 2306 1868 2350 confertur
1894 2320 1976 2364 pro

273 2383 442 2438 ubique
465 2386 510 2424 et
529 2394 721 2437 semper.
751 2380 871 2424 Hinc
902 2380 1217 2423 confessarius
1250 2381 1421 2424 retinet
1448 2381 1592 2434 illam,
1618 2381 1799 2424 etiamsi
1832 2386 1978 2425 mutet

274 2456 580 2511 domicilium,
604 2455 818 2512 quamvis
841 2454 964 2497 licite
987 2460 1189 2511 nequeat
1211 2469 1262 2498 ea
1284 2456 1351 2498 uti
1375 2455 1551 2513 absque
1574 2455 1758 2499 licentia
1778 2456 1850 2498 5111
1872 2456 1976 2498 novi

275 2530 554 2588 Superioris.
592 2530 651 2573 At
684 2528 809 2572 aliud
846 2529 1095 2572 dicendum
1125 2534 1195 2572 051
1223 2530 1279 2572 de
1309 2530 1634 2587 jurisdictione
1664 2530 1710 2572 in
1743 2533 1976 2573 ‘reservata

274 2605 467 2661 aliisque
497 2603 795 2647 facultatibus
816 2616 840 2645 a
863 2602 1114 2659 Superiore
1134 2602 1268 2646 locali
1291 2603 1698 2647 communicandis
1724 2618 1731 2646 :
1755 2603 1827 2647 hre
1849 2604 1976 2647 enim

274 2684 472 2733 cessant,
509 2682 686 2721 mutato
729 2677 982 2729 don'iicilio,
1019 2677 1045 2719 i.
1091 2691 1129 2719 0.
1166 2677 1352 2734 quando
1388 2677 1634 2735 religiosus
1673 2678 1882 2735 pervenit
1920 2678 1975 2721 ad

273 2766 437 2795 novam
463 2752 655 2795 domuin
681 2751 763 2794 ubi
791 2751 1019 2795 stabiliter
1050 2751 1344 2795 habitaturus
1373 2757 1455 2795 est.
1482 2751 1545 2806 iP.
1575 2751 1768 2806 Villada,
1799 2766 1845 2795 11.
1869 2751 1972 2807 118,

272 2827 394 2879 158.)
415 2827 796 2870 §iurisdictionem
818 2825 963 2869 semel
986 2826 1196 2869 collatam
1218 2826 1469 2882 prohibitio
1489 2826 1709 2869 audiendi
1728 2826 1975 2869 confessio-

274 2915 355 2944 nes
378 2915 469 2943 non
500 2900 615 2945 tollit
636 2900 758 2944 illico
782 2906 827 2943 01
847 2914 931 2958 per
952 2914 1025 2952 sc,
1050 2900 1301 2943 videndum
1324 2901 1466 2958 igitur
1487 2915 1541 2943 ex
1563 2900 1791 2957 adjunctis
1813 2906 1972 2943 utrum

276 2976 577 3032 prohibitioni
610 2975 766 3019 utendi
796 2975 994 3018 addatur
1015 2975 1292 3019 substractio
1322 2975 1464 3031 ipsius
1482 2975 1835 3031 jurisdictionis.
