2145 3366
244 228 296 265 36
952 233 1063 261 mus
1097 232 1236 260 rium

243 439 286 443 —
310 418 351 453 P.
376 417 440 459 26,
463 427 526 462 ap.
551 416 588 459 8,
612 416 638 451 l.
664 415 716 461 3),
750 415 920 450 retertur
940 424 987 449 ex
1024 413 1063 447 P.
1089 412 1254 446 Polanco
1287 420 1377 445 eum
1413 409 1616 444 dictitasse
1641 419 1648 442 :
1678 420 1692 440 <‹
1732 406 1771 442 Si
1796 406 1948 451 aliquid

239 479 341 513 esset
370 476 473 522 quod
508 475 749 511 desiderium
779 474 936 510 vivendi
969 472 1120 507 diutius
1154 471 1196 505 in
1226 470 1311 515 ipso
1345 468 1517 504 excitare
1551 470 1702 513 posset,
1737 466 1838 501 illud
1868 466 1950 501 tore
1990 491 1998 500 .

240 537 344 582 (licet
369 537 409 572 in
437 546 481 571 eo
507 535 623 581 plane
649 545 690 570 se
718 532 945 578 resolveret)
974 534 1017 567 ut
1038 531 1079 566 in
1101 528 1358 565 admittendis
1384 528 1425 562 in
1454 527 1685 563 Societatem
1714 528 1844 571 posset
1864 534 1951 560 esse

239 596 471 632 restrictior.
513 607 527 628 »
564 595 695 640 Neque
748 593 936 638 majorem
981 600 1158 635 unquam
1205 588 1456 624 severitatem
1501 586 1684 632 exigebat
1730 595 1848 631 quam
1882 584 1949 619 ubi
1999 611 2002 613 >

238 656 389 691 talenta
411 655 561 700 majora
581 656 693 689 erant
716 652 859 698 spiritu
880 654 917 686 et
935 651 1082 686 virtute
1104 648 1307 684 destituta.
1334 646 1519 692 (Apopht.
1546 646 1610 689 ⁶24,
1635 656 1673 691 p.
1699 644 1781 690 50.)

292 715 435 751 Eadem
463 724 573 750 mens
597 716 680 749 erat
707 712 751 748 S*i
772 710 969 747 Francisci
996 708 1168 750 Xaverii,
1196 707 1300 752 quod
1322 716 1369 742 ex
1390 706 1475 751 ejus
1497 705 1674 751 epistolis
1699 705 1837 749 liquet.
1862 703 1951 738 erc
1991 739 1994 748 ¹

239 776 342 812 inter
370 775 448 810 alia
478 774 527 809 ad
555 774 595 809 P.
627 773 841 818 Gasparem
873 769 1071 806 scribebat
1103 768 1180 813 (ap.
1208 766 1393 809 Tursell.,
1424 765 1451 801 1.
1478 765 1540 808 IV,
1571 775 1629 810 ep.
1666 764 1728 810 17)
1757 775 1764 798 :
1799 776 1814 796 «
1845 763 1949 797 Illud

238 835 357 871 etiam
376 837 412 870 te
431 844 498 869 oro
519 835 562 869 ut
582 835 721 868 caetera
739 841 826 877 quae
847 829 919 865 tibi
940 828 1082 873 reliqui
1105 828 1299 873 praecepta
1322 825 1533 871 diligenter
1553 824 1752 866 observes,
1778 822 1950 858 maxime

239 905 330 930 vero
354 897 396 929 ut
418 903 562 939 paucos
591 893 631 927 in
660 891 891 926 Societatem
921 893 1064 933 eosque
1095 887 1257 922 idoneos
1286 885 1499 927 adsciscas,
1519 883 1691 919 adscitos
1721 885 1853 918 autem
1881 881 1949 917 diu

238 954 488 999 multumque
517 955 667 998 spectes
697 961 740 986 ac
771 950 926 995 probes,
957 957 1171 991 eorumque
1198 945 1361 980 virtutis
1389 943 1608 990 periculum
1638 942 1759 978 iacias
1788 951 1890 987 sfepe
1911 943 1949 976 et

238 1016 433 1049 accurate.
459 1013 600 1048 Vereor
626 1010 730 1046 enim
758 1020 806 1044 ne
829 1008 944 1044 multi
965 1010 1001 1042 et
1029 1007 1109 1052 jam
1133 1005 1298 1041 admissi
1328 1005 1408 1040 sint
1429 1007 1465 1039 et
1491 1003 1666 1049 quotidie
1687 1002 1950 1037 admittantur

238 1074 280 1109 in
302 1073 532 1109 Societatem
554 1081 651 1116 quos
676 1069 821 1107 dimitti
850 1067 1084 1111 excludique
1115 1067 1343 1111 praestarem
1375 1073 1497 1109 quare
1528 1061 1754 1098 istiusmodi
1781 1060 1950 1096 homini-

239 1134 314 1169 bus
341 1133 459 1168 talem
488 1134 524 1166 te
550 1132 714 1176 praestes
742 1128 873 1170 veliin,
898 1127 1055 1172 qualem
1082 1136 1166 1171 ego.
1190 1127 1225 1160 et
1257 1124 1346 1159 Goae
1375 1123 1526 1165 multis,
1551 1125 1587 1157 et
1615 1122 1678 1156 hic
1706 1121 1839 1157 comiti
1867 1130 1951 1155 meo

240 1203 301 1228 me
326 1191 508 1238 praestiti,
533 1200 663 1235 quem,
693 1199 780 1223 cum
810 1187 971 1222 minime
1003 1188 1139 1231 aptum
1170 1194 1255 1220 esse
1284 1182 1573 1229 perspexissem
1604 1180 1800 1223 Societati,
1826 1179 1951 1215 exemi

240 1256 357 1298 atquc
387 1251 534 1287 dimisi.
569 1250 644 1284 Hoc
674 1252 717 1284 tu
748 1257 903 1293 quoque
932 1246 1162 1281 institutum
1197 1243 1333 1279 sedulo
1367 1245 1405 1278 et
1435 1243 1662 1277 constanter
1697 1240 1865 1283 tenebis,
1896 1239 1952 1274 sic

239 1321 403 1359 prorsus
432 1314 474 1346 ut
501 1310 636 1345 nullus
664 1311 700 1343 te
727 1317 842 1343 casus
870 1307 918 1341 ab
947 1306 1116 1350 incoepto
1143 1304 1338 1339 deterreat
1360 1303 1420 1338 vel
1449 1302 1482 1337 si
1510 1301 1750 1346 relinquaris
1781 1299 1903 1335 solus.
1933 1311 1948 1332 »
2001 1293 2005 1300 '

241 1372 313 1418 (Cf.
334 1380 489 1417 quoque
510 1370 600 1405 Litt.
624 1367 780 1413 Encycl.
803 1366 841 1402 S.
864 1365 1061 1401 Francisci
1082 1364 1249 1409 Borgiae,
1275 1363 1391 1408 april.
1420 1361 1536 1405 1569,
1561 1363 1598 1396 et
1619 1361 1659 1395 P.
1682 1358 1949 1401 Piccolomini,

242 1431 292 1467 28
313 1434 389 1466 oct.
417 1429 553 1474 1650.)

294 1491 348 1527 Ne
370 1490 483 1526 nimii
506 1490 632 1525 forent
658 1488 700 1523 in
724 1485 969 1523 admittendo
993 1483 1274 1526 Provinciales‚
1298 1482 1493 1517 limitatus
1515 1480 1609 1515 olim
1632 1480 1760 1515 tuerat
1783 1489 1805 1514 a
1829 1477 1952 1514 Gene-
2003 1520 2006 1523 Ι

242 1551 317 1587 rali
339 1549 583 1586 Novitiorum
605 1557 815 1589 numerus3
839 1548 876 1582 et
898 1544 1088 1581 admissio
1109 1553 1245 1579 eorum
1273 1542 1341 1587 qui
1363 1542 1468 1577 hunc
1489 1550 1699 1575 numerum
1720 1538 1952 1574 excederent

243 1611 441 1647 declarata
472 1609 648 1645 invalida
682 1607 735 1653 (α.
774 1605 905 1651 1650).
945 1604 1222 1639 Admissorum
1256 1601 1578 1637 ratihabitionem
1614 1599 1690 1634 sibi
1724 1598 1953 1634 reservabat

244 1670 460 1713 Generalis,
483 1670 539 1704 ita
560 1671 601 1703 ut
623 1678 645 1703 a
671 1667 733 1702 die
760 1666 878 1711 hujus
904 1662 1198 1699 ratihabitionis
1227 1661 1444 1697 novitiatus
1472 1660 1724 1695 inchoaretur
1753 1658 1806 1705 (a.
1834 1657 1950 1701 1653,

246 1730 377 1776 1654),
397 1740 467 1765 nec
489 1727 710 1764 sufficiehat
729 1725 889 1761 licentia
907 1726 1148 1769 praesumpta
1169 1724 1237 1757 aut
1256 1721 1389 1756 lutura
1411 1719 1464 1767 (a.
1492 1719 1620 1765 1655).
1643 1719 1799 1754 Licebat
1822 1720 1954 1752 tamen

243 1790 342 1826 alios
371 1788 592 1831 admittere,
626 1787 731 1822 intra
760 1791 971 1820 numerum
1002 1782 1293 1829 praescriptum,
1318 1781 1402 1816 loco
1429 1790 1564 1816 eorum
1595 1778 1677 1824 qui,
1703 1788 1793 1814 cum
1821 1777 1953 1812 debita

244 1850 403 1886 licentia
424 1847 603 1890 admissi,
625 1846 896 1881 moriebantur
917 1846 983 1879 aut
1007 1843 1327 1878 dimittebantur.

306 1983 535 2028 Moderati
562 1981 703 2040 igitur
731 1980 879 2024 simus
906 1978 954 2021 in
985 1976 1263 2021 admittendi
1292 1975 1524 2019 desiderio
1551 1973 1627 2033 (R.
1654 1973 1735 2017 Ex.
1760 1972 1832 2031 2ss>3
1867 1985 1953 2015 nec
2009 2008 2011 2012 ,

247 2062 380 2105 nimii
422 2061 472 2103 in
509 2058 782 2103 hominibus
819 2056 876 2100 ad
914 2055 1191 2099 Societatem
1229 2052 1486 2097 alliciendis
1525 2050 1601 2108 (R.
1642 2051 1718 2094 Pr.
1755 2050 1856 2108 33);
1895 2050 1952 2092 iis
2007 2033 2025 2107 ‘¹

248 2139 448 2183 maxime
477 2138 555 2196 qui
589 2135 821 2180 Exercitia
854 2138 1083 2192 peragunt
1116 2129 1299 2190 (Exere.
1334 2130 1506 2173 Annot.
1540 2128 1641 2186 15),
1683 2128 1841 2171 aliisve
1876 2127 1954 2184 qui

249 2231 441 2263 suarum
468 2214 864 2260 conscientiarum
889 2211 1196 2255 directionem
1225 2209 1360 2252 nobis
1384 2207 1572 2252 tradunt
1596 2206 1729 2263 (Reg.
1753 2205 1855 2248 Sac.
1880 2204 1952 2259 23,

247 2296 340 2354 24),
366 2294 511 2352 magis
539 2292 692 2337 adhuc
717 2291 774 2334 iis
799 2290 878 2348 qui
906 2289 954 2332 in
983 2288 1156 2331 nostris
1179 2286 1395 2343 Collegiis
1423 2281 1952 2340 student1.(Rat.Stud.

250 2374 370 2418 Clas.
394 2372 479 2416 inf.
504 2371 619 2429 Reg.
644 2369 711 2427 6.)

304 2505 314 2532 1
338 2506 562 2543 Cavendum
584 2503 720 2539 sedulo
739 2511 788 2536 ne
805 2499 1020 2545 discipulos
1035 2497 1083 2534 ad
1106 2500 1282 2533 nostram
1300 2495 1530 2532 Societatem
1549 2492 1706 2529 allicere
1730 2490 1952 2534 videamur3
2007 2509 2033 2530 τη

250 2570 285 2605 et
308 2569 392 2603 ideo
411 2577 433 2601 a
451 2563 704 2600 manualibus
720 2560 974 2596 sodalitatum
997 2560 1237 2603 expunctum
1259 2559 1317 2591 est
1339 2555 1377 2590 id
1399 2554 1502 2599 quod
1523 2553 1571 2588 ad
1595 2552 1819 2596 religiosam
1842 2560 1956 2586 voca-
2015 2586 2023 2596 ,

252 2627 395 2664 tionem
417 2624 619 2670 spectabat
641 2622 691 2666 (b.
717 2621 754 2666 ἢ.
783 2620 913 2664 1636).

303 2688 355 2722 De
382 2687 467 2731 jure.
493 2691 708 2719 consensus
730 2681 937 2725 parentum
966 2687 1045 2712 non
1067 2675 1302 2721 requiritur;
1334 2676 1508 2710 attamen
1529 2682 1575 2707 cx
1597 2669 1782 2716 prudenti
1804 2679 1956 2704 oecono-
2012 2672 2021 2693 ·'

250 2747 329 2782 mia
350 2747 450 2781 hanc
478 2741 702 2788 requirebat
731 2740 768 2775 S.
794 2739 834 2774 P.
858 2738 902 2773 N.
928 2737 995 2772 ubi
1019 2736 1209 2782 agebatur
1232 2734 1277 2769 de
1300 2733 1447 2769 nostris
1469 2730 1715 2767 scholaribus
1740 2737 1792 2775 ta.
1826 2728 1953 2774 1553).

252 2807 331 2841 Imo
350 2806 388 2840 id
408 2804 599 2849 prfrccpto
620 2799 852 2835 obediontia
871 2797 933 2832 die
955 2796 976 2831 3
995 2797 1110 2831 Mart.
1138 2794 1232 2829 15:5¹1.
1253 2794 1307 2839 (α)
1330 2803 1397 2838 per
1415 2795 1537 2828 totam
1558 2790 1787 2825 Soswctatom
1809 2787 1955 2823 sanciri

251 2866 387 2901 voluit.
403 2862 629 2906 Quinetiam
654 2857 972 2904 responsuiniuit
994 2866 1097 2890 anno
1126 2854 1221 2889 1616
1236 2854 1289 2897 (α)
1309 2852 1418 2887 nullo
1432 2849 1721 2895 modojuvcncs
1743 2848 1952 2882 admitten-

250 2926 333 2965 dos,
350 2923 485 2959 invitis
507 2919 749 2966 parentibus,
771 2917 852 2951 sive
867 2916 915 2951 ad
932 2915 1167 2950 novitiatum
1190 2913 1272 2948 sive
1287 2912 1336 2947 ad
1352 2911 1513 2955 collegia
1536 2908 1791 2954 experimenti
1816 2917 1948 2942 causa.
1987 2935 1991 2937 .

303 2983 532 3019 Vocationcs
560 2979 791 3023 strepitosas
819 2975 942 3011 malos
970 2975 1200 3019 plerumque
1229 2972 1358 3007 exitus
1385 2970 1528 3005 habere
1553 2969 1593 3003 in
1614 2967 1733 3002 veteri
1761 2966 1951 3002 Societate

2081 1763 2111 1794 11111
2121 1760 2142 1793 iii

2081 1820 2144 1854 [111111

2082 1879 2113 1913 [11111
2129 1881 2145 1914 ,ll
