2145 3366
832 266 972 295 INDEX
1003 262 1346 293 ALPHABETICUS

273 434 414 473 mortis,
438 432 519 467 565.
548 451 593 455 -—
614 430 715 463 Bona
744 430 871 461 nostra
893 429 932 459 ut
951 423 1042 468 Ejus

275 487 585 525 administranda,
608 485 691 520 251.
708 504 754 508 —
771 481 1043 525 Benignitatem

276 547 469 581 imitentur
489 543 724 589 Superiores,
746 540 829 574 205.

227 613 512 652 Jubilaeum.
543 630 589 634 —
619 606 747 649 Quoad
782 603 1043 641 confessarios,

277 670 358 705 307.
393 689 439 693 ——
471 666 668 701 Jubilaeuin
698 663 921 697 Nostrorum
956 668 1047 704 quo—

280 726 390 761 modo
410 725 498 760 olim
518 722 759 759 celebratum,
782 717 865 752 309.

232 791 502 830 Judieium.
526 809 572 813 —
592 788 680 830 Eius
700 786 866 819 desertus
890 779 1047 826 impedi-

283 853 462 887 mentum,
498 845 557 887 29,
593 844 652 878 35.
689 863 735 866 —
771 837 967 875 Rectitudo
1012 836 1048 869 in

282 903 561 951 Superioribus,
592 901 675 940 204,
709 898 792 939 228,
820 895 902 930 256.
934 914 980 918 ——
1008 892 1052 926 Et

284 965 320 998 in
349 959 607 999 missionariiS,
629 956 712 999 394,
739 954 821 989 398.

332 1018 466 1053 Judicii
507 1016 625 1050 forma
661 1023 736 1047 non
769 1004 983 1045 necessaria
1016 1005 1053 1038 in

286 1075 526 1117 dimissione,
569 1070 650 1105 378.
694 1089 739 1093 —-
779 1065 968 1100 Judicium
1009 1062 1054 1095 de
1091 1102 1093 1106 .

287 1130 541 1168 admittendis,
560 1128 618 1162 22.
642 1147 688 1151 —-
703 1123 891 1159 Judicium
908 1121 953 1154 de
975 1130 1056 1163 gra·
1091 1108 1093 1115 '

289 1189 460 1231 duandis,
495 1186 576 1220 175.
600 1204 645 1208 ——
676 1183 717 1216 In
747 1177 982 1215 examinibus
1011 1174 1055 1209 ad

289 1245 459 1292 gradum,
487 1242 569 1277 172.
588 1261 633 1265 —
654 1240 697 1273 In
717 1236 859 1272 actibus
891 1232 1056 1268 scholas—

290 1304 383 1341 ticis,
406 1301 488 1342 435,
511 1298 592 1333 436.
615 1318 661 1322 —-
682 1296 723 1330 In
745 1292 927 1328 revisione
947 1289 1059 1324 libro-

290 1371 388 1401 rum,
412 1358 493 1392 523.

244 1424 496 1463 Juniol·eS.
529 1441 575 1445 —
604 1416 813 1454 Peculiaria
852 1424 918 1459 pro
956 1410 1059 1456 ipsis,

293 1482 375 1517 321.
398 1501 443 1505 —
464 1478 587 1514 Lectio
611 1473 830 1521 spiritualis,
852 1470 934 1505 268.

246 1547 611 1586 ‚lui-amentum.
626 1562 671 1566 —
684 1536 963 1575 Assistentium,
979 1533 1061 1567 217.

294 1626 339 1629 —-
359 1603 532 1638 Judicum
555 1599 600 1633 de
621 1596 789 1639 seientia,
815 1593 897 1636 445,
916 1590 997 1625 446.
1021 1609 1066 1613 —

297 1658 533 1706 Dispensatio
564 1657 601 1690 in
628 1651 852 1700 juramentis
879 1659 947 1694 pro
967 1647 1065 1682 Nos-

298 1719 379 1759 tris,
409 1716 492 1751 312.
524 1734 570 1738 —⁴
600 1713 671 1746 Pro
703 1707 876 1749 externis,
910 1704 991 1739 543.
1023 1723 1068 1726 —-

300 1773 511 1820 perjurium
533 1774 588 1805 est
615 1769 858 1809 reservatum,
878 1762 961 1803 341,
984 1759 1066 1794 342.

251 1837 561 1879 J111·is(liotio.
584 1855 630 1859 —
649 1833 794 1877 Duplex
823 1830 861 1864 in
883 1825 1071 1862 missioni-

302 1899 372 1933 bus
400 1894 545 1935 exteris,
577 1891 658 1926 398.
682 1910 727 1914 --
757 1887 914 1922 Cuinam
944 1883 1073 1917 subest

304 1953 498 2000 operarius
538 1953 639 1983 extra
679 1943 913 1981 Provinciam
951 1950 1071 1981 suam,

303 2011 385 2046 392.
405 2030 451 2034 —-
467 2007 520 2042 Cf.
541 2001 785 2049 Confessarii.

256 2079 350 2115 Jus
371 2084 462 2112 ean
541 2071 688 2107 icum.
708 2088 753 2092 —
774 2066 804 2101 A
820 2064 967 2101 Nostris
986 2072 1077 2107 quo-

307 2134 418 2169 modo
447 2137 488 2167 st
552 2126 696 2168 indum,
716 2123 796 2158 424.
819 2142 865 2146 -—
886 2121 1019 2155 Utrum
1040 2118 1077 2151 in

308 2202 419 2226 cursu
446 2190 519 2224 min
579 2184 602 2227 i,
633 2181 714 2216 426.
736 2200 782 2204 ——
811 2176 1076 2223 Repetitiones,

309 2248 391 2283 432.
413 2266 458 2271 ——
479 2246 532 2280 iia
620 2238 793 2280 docendi,
816 2235 897 2270 486.
920 2253 966 2257 μ
990 2232 1080 2265 Doc-

312 2304 456 2339 toribus
484 2298 671 2348 quomodo
711 2294 860 2339 supplet
894 2290 1079 2324 desectum

313 2360 565 2404 theologicum
621 2352 745 2400 quoad
792 2347 1080 2385 Professionem,

313 2418 394 2453 173.

268 2486 361 2522 Jus
376 2481 535 2519 civile.
551 2499 597 2503 —
614 2477 746 2511 Utrum
762 2470 986 2512 docendum,
1000 2467 1082 2501 463.

270 2552 363 2587 Jus
385 2543 580 2594 petendi
610 2540 845 2577 debitum.
869 2556 914 2560 —-
936 2533 1087 2568 Privile-

320 2607 423 2650 gium
444 2599 677 2638 restituendi,
697 2596 777 2630 544.

654 2727 720 2758 L

280 2845 453 2883 Labor.
472 2861 518 2865 —
531 2838 586 2874 Ne
605 2836 650 2871 sit
671 2833 823 2873 nimius,
842 2830 924 2873 335,
947 2827 1029 2863 337.
1048 2846 1094 2850 κ-

326 2902 404 2938 Nec
423 2893 718 2940 intempestivus,
734 2889 816 2923 335.
833 2907 878 2911 —-
893 2883 1093 2920 Vitandum

329 2957 460 2996 otium,
482 2952 564 2987 334.

283 3020 447 3061 Lectio
475 3010 764 3063 spiritualis.
786 3028 831 3032 —
857 3005 1093 3049 Quotidiana,

1165 421 1247 455 313.
1277 440 1322 444 —-
1341 417 1559 454 Junioribus
1590 420 1715 450 utrum
1746 414 1933 459 augenda,

1166 477 1247 512 268.
1271 497 1317 501 ——
1338 476 1379 510 In
1402 473 1613 518 refectorio,
1635 472 1717 507 313.

1122 541 1380 578 Lectiones
1423 536 1746 575 scholasticae.

1172 597 1385 642 leeologyia,
1409 600 1478 630 ete.

1792 556 1836 560 —
1883 535 1937 569 Cf.

1980 579 1989 589 f,

1125 675 1314 717 Lessata.
1346 692 1392 695 —
1422 668 1707 704 Confidentialia
1737 666 1938 712 prohibita,
1989 668 1992 674 “

1169 729 1228 768 93,
1246 728 1326 762 529.
1341 748 1386 752 ——
1402 727 1539 770 Legata
1554 724 1743 769 accipiunt
1757 721 1937 765 Professi,

1171 785 1252 829 113,
1270 784 1350 818 114.
1368 804 1414 807 —
1429 784 1567 817 Futura
1583 785 1709 815 utrum
1728 778 1944 812 renuntien-

1173 847 1245 885 tur,
1268 841 1349 875 ¹103.

1128 911 1500 950 Liberalisnius.
1524 929 1570 933 ——
1591 905 1842 947 Avertendus,
1862 903 1944 938 500.

1174 990 1220 994 -—
1241 967 1437 1008 Quomodo
1460 963 1756 1010 impugnandus,
1779 960 1860 995 500.

1130 1042 1279 1080 Libri.
1305 1062 1351 1065 —
1377 1039 1518 1075 Lascivi
1551 1037 1718 1080 arcendi,
1749 1035 1831 1075 144,
1865 1034 1946 1068 145.

1178 1121 1223 1124 —
1245 1098 1376 1142 Magiei
1405 1094 1665 1137 comburendi,
1689 1093 1770 1127 145.
1794 1112 1838 1115 —
1862 1091 1951 1124 Pro-

1179 1156 1287 1190 bibiti
1316 1166 1389 1200 qua
1416 1153 1559 1187 ratione
1590 1148 1844 1196 permittendi,
1867 1146 1949 1181 145.

1179 1234 1225 1238 ——
1246 1212 1356 1246 Liber
1378 1214 1501 1244 textus
1524 1209 1560 1242 in
1580 1206 1732 1249 scholis,
1755 1204 1838 1239 426.

1229 1268 1336 1304 Libri
1367 1264 1610 1301 admissionis
1642 1262 1686 1297 ad
1716 1261 1951 1301 novitiatum,

1182 1326 1239 1360 50.
1265 1345 1311 1349 -—
1333 1323 1387 1358 Ad
1407 1326 1490 1357 vota
1512 1319 1734 1362 devotionis,
1756 1317 1815 1352 64.
1836 1337 1882 1341 —
1898 1315 1955 1349 Ad

1184 1383 1305 1429 prima
1325 1384 1420 1423 vota,
1443 1378 1525 1413 162.
1551 1398 1598 1402 ——
1624 1376 1678 1410 Ad
1701 1375 1833 1409 ultima
1858 1376 1955 1415 vota,

1185 1439 1266 1474 186.
1287 1459 1332 1462 —-
1353 1436 1408 1471 Ad
1431 1435 1608 1476 Ordines,
1631 1432 1712 1466 428.

1232 1494 1339 1530 Libri
1383 1488 1755 1527 administrationis.
1798 1507 1844 1511 —-
1884 1486 1955 1519 Pro

1187 1551 1375 1591 Generali,
1403 1549 1487 1590 210,
1515 1547 1596 1582 266.
1620 1567 1666 1570 -—
1693 1543 1954 1590 Superiorum‚

1188 1609 1272 1652 210,
1308 1608 1398 1647 264,
1439 1605 1529 1640 570.
1570 1623 1616 1627 -—
1654 1602 1960 1642 procuratorum,

1190 1666 1271 1700 514.
1292 1685 1337 1688 —-
1361 1663 1562 1698 Rationum
1584 1663 1619 1692 et
1640 1658 1856 1698 missarum,
1876 1653 1959 1688 280.

1191 1743 1236 1747 —
1286 1722 1467 1755 Accurate
1518 1713 1755 1757 conficiendi,
1814 1720 1964 1756 quoque

1194 1789 1323 1813 mense
1346 1775 1503 1818 visendi,
1523 1772 1605 1807 280.

1148 1854 1414 1891 Librorum
1450 1845 1675 1893 seriptiQ
1716 1841 1881 1879 editio.
1922 1860 1983 1887 —-‚

1194 1911 1278 1947 Non
1293 1905 1481 1943 scribendi
1497 1905 1578 1938 sine
1602 1901 1762 1944 licentia,
1781 1898 1864 1941 522,
1882 1896 1965 1932 525.

1195 1968 1273 2003 Nec
1303 1961 1546 2000 scribendum
1578 1959 1622 1993 de
1653 1955 1880 2004 quibusdam
1908 1964 1968 1987 ar-

1199 2021 1401 2069 gumentis,
1432 2018 1514 2061 522,
1537 2016 1620 2051 525.
1643 2035 1689 2038 —
1710 2013 1856 2048 Litterae
1886 2008 1971 2043 aedi-
2011 2050 2016 2056 ι

1199 2082 1364 2117 ficantes,
1411 2076 1498 2110 575.
1546 2094 1591 2097 -—
1635 2070 1737 2106 Libri
1782 2065 1970 2103 revisendi

1201 2146 1344 2174 omnes,
1367 2133 1447 2167 525.
1474 2151 1519 2155 ——
1543 2128 1740 2164 Revisores
1761 2128 1865 2170 quot,
1888 2121 1969 2157 522.

1201 2214 1246 2218 —
1261 2191 1358 2234 Quid
1378 2189 1407 2223 si
1429 2185 1672 2222 provincialis
1694 2182 1865 2227 scriptor,
1888 2178 1971 2213 522.

1202 2270 1247 2274 -—
1278 2245 1424 2282 Revisio
1457 2253 1560 2277 novae
1593 2238 1783 2281 editionis,
1816 2235 1897 2271 522.
1928 2254 1975 2258 —-

1204 2304 1425 2340 Revisorum
1456 2298 1591 2340 officia,
1614 2295 1696 2330 523.
1718 2315 1765 2319 ——
1783 2292 1973 2327 Judicium

1206 2361 1356 2406 duplex,
1390 2357 1472 2392 523.
1494 2376 1540 2380 —
1566 2354 1654 2399 Ejus
1686 2351 1791 2395 ratio,
1821 2349 1901 2384 523.
1930 2366 2000 2372 ——1

1206 2419 1339 2453 Utrum
1362 2415 1448 2449 liuic
1465 2410 1607 2457 judicio
1629 2408 1816 2451 standum,
1833 2405 1914 2439 525.
1932 2423 1977 2428 ——

1209 2473 1366 2516 Quando
1397 2467 1656 2504 emendandus
1687 2464 1795 2507 liber,
1827 2461 1909 2496 523.
1934 2479 1977 2485 -—

1209 2531 1308 2565 Ordo
1331 2525 1528 2562 revisionis
1549 2535 1592 2558 ex
1614 2522 1658 2556 R.
1677 2521 1717 2555 P.
1739 2519 1870 2562 Beckx,
1894 2517 1976 2551 525.

1210 2609 1255 2612 —-
1275 2584 1422 2621 Sanctio
1442 2582 1555 2626 liujus
1576 2579 1684 2623 legis,
1706 2577 1788 2611 524.
1813 2595 1856 2600 —-
1878 2574 1978 2608 Prae-

1212 2643 1350 2688 scripta
1381 2638 1559 2673 canonica
1587 2636 1632 2670 de
1664 2633 1828 2668 editione
1863 2630 1980 2664 libro-

1214 2710 1311 2741 rum,
1343 2696 1425 2736 525,
1456 2693 1537 2729 568.
1570 2712 1611 2717 —
1640 2691 1692 2725 De
1720 2685 1982 2734 imprimendis

1216 2761 1250 2791 et
1273 2751 1479 2788 vendendis
1500 2748 1621 2792 libris,
1644 2746 1726 2781 526.
1748 2765 1795 2769 ——
1814 2743 1982 2779 Nomen-

1216 2814 1332 2848 clator
1352 2809 1431 2845 NN.
1452 2806 1698 2851 Scriptorum,
1720 2801 1802 2836 526.
1827 2820 1870 2824 —
1891 2799 1986 2833 Pau-

1218 2872 1340 2916 pertas
1361 2866 1502 2900 Domus
1523 2861 1761 2906 scriptorum,
1782 2855 1864 2891 132.

1171 2943 1387 2988 Linquae.
1423 2957 1470 2962 —
1508 2935 1561 2970 Cf.
1600 2931 1789 2967 Hebraico
1838 2929 1983 2973 linqua,

1223 2994 1503 3037 Grammatico,
1527 2995 1595 3026 etc.

2052 392 2134 441 Litium

2092 1596 2129 1611 111111

2089 3000 2145 3051 llam
