2145 3366
616 261 879 291 PAUPERTAS
911 261 968 289 Ex
1000 259 1179 289 REGULA
1211 259 1257 287 IN
1289 258 1466 287 GENERE
1847 248 1898 286 93

190 446 424 499 acceptata
464 439 723 484 secundum
758 438 1001 495 probatam
1034 436 1274 480 Societatis
1307 448 1521 478 normam
1556 435 1643 479 rite
1679 441 1723 479 et
1755 435 1899 479 solide

191 519 546 563 constituantur.
573 517 645 568 (R.
673 516 721 558 P.
753 516 941 570 Martin,
970 515 1080 558 Ord.
1109 527 1192 572 pro
1212 513 1311 556 reb.
1339 518 1478 570 temp.
1502 527 1546 555 n.
1572 512 1664 565 15.)

249 595 387 640 Nulla
408 609 512 639 arca
534 595 581 637 in
603 593 813 637 ecclesiis
836 592 1007 636 nostris
1033 596 1234 649 ponatur
1251 604 1334 649 pro
1359 590 1687 647 eleemosynis,
1713 603 1800 633 nec
1818 603 1901 647 pro

192 674 327 718 nobis
354 686 440 716 nec
468 685 550 729 pro
581 671 698 715 aliis.
723 670 788 722 (C.
816 670 892 725 G.,
918 670 976 726 ΙΙ,
1002 670 1075 713 78.
1097 695 1154 700 ——
1172 669 1286 725 Est„
1309 668 1386 723 VI,
1412 681 1462 724 Π,
1485 668 1549 721 8.)
1566 667 1579 688 ²

246 803 257 829 ¹
282 805 359 841 Cur
386 805 432 840 de
454 814 532 839 uno
556 803 757 847 alteroque
782 812 875 837 casu
898 802 1098 837 diversum
1129 801 1246 836 fuerit
1272 800 1480 846 judicium,
1504 811 1549 836 ea
1570 800 1644 835 luit
1665 801 1764 836 forte
1789 799 1903 843 ratio,

194 865 299 911 quod
325 864 593 899 convictorum
615 862 824 907 pensiones
848 862 1021 897 maxima
1048 872 1095 897 ex
1118 864 1229 906 parte
1250 860 1502 896 destinantur
1523 860 1572 895 ad
1594 859 1907 905 compensandas

194 933 408 970 expensas,
443 926 481 958 ct
512 925 811 967 consequenter.
849 921 969 956 etiam
1004 921 1204 956 abstracto
1238 920 1519 965 Magistrorum
1555 920 1907 955 sustentandoruni

194 983 325 1026 titulo,
349 993 429 1018 non
450 981 635 1027 stipendii
665 981 733 1016 sed
761 981 874 1025 quasi
903 980 1168 1015 restitutionis
1193 979 1365 1015 indolem
1387 979 1595 1024 pensiones
1622 979 1700 1014 illae
1723 979 1906 1014 induant.

196 1043 248 1079 De
268 1046 407 1079 caetero
430 1041 549 1077 ctiam
571 1040 853 1076 retributiones
876 1040 925 1075 ad
947 1039 1231 1085 magistrorum
1254 1039 1584 1074 sustentationem
1607 1049 1686 1074 non
1707 1038 1910 1073 habendas

195 1113 281 1138 esse
306 1105 348 1137 ut
377 1101 619 1146 stipendium
647 1110 694 1135 ex
722 1100 908 1135 Instituto
937 1099 1181 1144 prohibitum
1208 1099 1288 1144 J'am
1316 1099 1573 1142 responderat
1602 1099 1644 1134 P.
1668 1097 1874 1143 Aquaviva
1900 1107 1906 1130 :

199 1175 214 1196 «
246 1163 375 1197 Potest
395 1160 519 1205 accipi
540 1160 755 1205 quotannis
781 1168 936 1194 sumnia
960 1158 1094 1203 aliqua
1116 1158 1291 1203 pecuniae
1313 1168 1382 1202 pro
1404 1157 1571 1193 lectione
1592 1158 1738 1204 linguae
1767 1156 1911 1192 Indicae

196 1222 257 1258 vel
276 1220 545 1267 grammaticae
572 1230 652 1254 non
674 1222 715 1254 ut
737 1219 995 1264 stipendium.
1022 1218 1088 1253 sed
1110 1218 1150 1252 in
1169 1216 1433 1252 necessariam
1462 1217 1792 1253 sustentationem
1814 1216 1911 1250 Nos-

197 1284 349 1317 trorum
375 1293 390 1314 »
417 1279 471 1326 (a.
499 1279 631 1324 1591).

250 1355 267 1382 2
286 1357 500 1403 Nequidem
520 1356 561 1391 in
580 1355 736 1391 sacellis
755 1354 1012 1390 sodalitatum
1030 1353 1175 1399 templo
1196 1356 1332 1388 nostro
1354 1353 1520 1388 adnexis
1538 1363 1628 1389 arca
1647 1352 1912 1399 permittenda

199 1421 272 1460 est,
296 1417 388 1459 nisi,
412 1427 459 1451 ex
484 1416 595 1461 gravi
618 1424 751 1450 causa.
777 1414 981 1449 Generalis
1003 1413 1204 1458 dispenset
1226 1414 1279 1455 (a.
1308 1412 1438 1454 1600).
1470 1412 1658 1449 Sublatus
1681 1416 1753 1455 est,
1778 1415 1913 1458 utpote

201 1476 558 1512 remunerationem
587 1474 783 1517 redolens,
809 1484 907 1516 mos,
932 1473 1078 1508 alicubi
1110 1473 1213 1508 inter
1242 1473 1425 1508 alumnos
1452 1475 1609 1508 nostros
1638 1473 1791 1519 vigens,
1822 1472 1914 1507 osse-

200 1537 312 1572 rendi
334 1536 485 1581 aliquid
513 1545 584 1581 pro
610 1534 781 1569 oratorio
806 1533 1043 1575 sodalitatis,
1067 1533 1249 1568 absoluto
1272 1532 1531 1578 pliilosophiae
1555 1543 1675 1568 cursu
1699 1532 1753 1578 (a.
1777 1528 1911 1580 1589).

200 1597 304 1632 Licet
332 1599 464 1632 tamen
498 1594 705 1630 admittere
740 1593 958 1628 oblationes
986 1593 1027 1627 in
1055 1592 1225 1627 Ecclesia
1253 1592 1376 1627 iactas
1403 1595 1440 1627 et
1468 1592 1694 1638 impendere
1722 1592 1762 1627 in
1796 1602 1914 1627 usum

202 1656 337 1701 templi
365 1652 421 1704 (α.
449 1652 582 1703 1639).
608 1654 688 1689 Imo
709 1654 751 1688 in
773 1663 870 1688 usus
897 1655 1067 1691 nostros,
1090 1652 1205 1687 modo
1232 1651 1413 1687 Ecclesiae
1440 1652 1540 1686 nihil
1566 1652 1667 1687 desit
1695 1648 1750 1699 (a.
1778 1648 1913 1699 1641).

202 1716 409 1752 Pecuniam
438 1725 508 1760 pro
537 1714 697 1749 sedibus
725 1713 767 1748 in
795 1712 944 1748 nostris
971 1712 1146 1747 ecclesiis
1173 1711 1310 1756 accipi,
1342 1711 1409 1746 ubi
1437 1711 1502 1746 liic
1528 1722 1625 1747 usus
1653 1711 1916 1747 communiter

202 1775 321 1821 viget,
345 1775 536 1810 toleratur
562 1770 606 1822 (f.
626 1773 713 1808 V-iv.
738 1782 843 1815 voce,
868 1771 1130 1814 Procuratori,
1164 1771 1234 1818 qui
1254 1770 1574 1814 communicavit,
1599 1771 1648 1806 20
1671 1771 1753 1807 dec.
1778 1768 1914 1820 1838),

203 1836 297 1871 item
318 1844 415 1870 usus
436 1833 643 1880 pecuniam
664 1831 888 1878 colligendi.
912 1828 1086 1880 (Quetes,
1111 1831 1151 1866 P.
1177 1831 1240 1874 A.,
1266 1830 1287 1866 9
1310 1841 1400 1866 nov.
1426 1828 1562 1880 1855.)

258 1898 391 1942 Quoad
412 1897 599 1943 pecunias
619 1895 864 1931 academicas
886 1894 934 1929 ci.
960 1894 1065 1929 inira
1086 1893 1153 1929 ubi
1175 1894 1222 1929 de
1244 1893 1593 1930 Universitatibus.

274 2033 322 2078 30
363 2033 680 2077 Prohibentur
723 2032 880 2075 omnia
923 2045 1026 2088 quae
1073 2032 1270 2088 speciem
1314 2030 1491 2075 habent
1533 2031 1916 2089 neqotmtionis½
1975 2041 2009 2068 89

207 2111 273 2163 (C.
297 2112 372 2167 G.,
396 2111 456 2166 II,
480 2111 552 2164 61)
581 2110 733 2169 qualia
757 2115 882 2166 suut,
910 2109 1174 2153 conducere
1196 2122 1332 2166 agros
1361 2109 1417 2152 ad
1443 2114 1690 2166 quaestum,
1717 2110 1918 2153 vendere

208 2189 430 2245 fructusff,
463 2202 621 2232 emere
652 2202 726 2231 res
754 2193 806 2232 ut
826 2193 987 2231 nostra
1013 2187 1245 2231 industria
1275 2187 1430 2230 carius
1457 2187 1740 2241 vendantur3
1774 2187 1920 2231 libros

210 2267 515 2325 suppeditatis
548 2266 836 2324 typographo
872 2265 1155 2322 sumptibus,
1191 2265 1322 2307 lucro
1358 2264 1585 2308 damnove
1623 2270 1782 2308 nostro
1810 2279 1921 2308 ven-

211 2345 390 2388 dendos
421 2345 657 2402 suscipere
693 2342 803 2401 (nisi
831 2343 1117 2401 gravissimis
1141 2342 1199 2386 de
1221 2343 1374 2386 causis
1400 2342 1447 2385 id
1474 2342 1524 2385 P.
1548 2342 1791 2386 Generalis
1817 2357 1922 2401 per-

212 2423 383 2480 mittat)
428 2427 507 2466 aut
547 2423 596 2465 in
636 2421 940 2479 typographia
982 2426 1141 2464 nostra
1183 2434 1378 2464 excusos
1421 2421 1629 2464 externis
1668 2420 1919 2465 vendere3.

213 2500 278 2553 (C.
310 2500 385 2556 G.‚
412 2500 470 2557 ΙΙ,
505 2499 584 2555 613
627 2525 684 2530 —
716 2498 816 2554 VH,
849 2498 942 2551 84.)
979 2497 1240 2555 Scriptores
1274 2512 1382 2542 vero
1420 2499 1599 2542 nullum
1631 2504 1924 2543 contractum

213 2593 320 2622 cum
367 2576 636 2635 bibliopolis
688 2576 806 2619 inire
856 2581 1053 2633 possunt
1110 2576 1287 2634 absque
1340 2576 1555 2620 facultate
1604 2576 1922 2620 Provincialis.

213 2655 278 2708 (C.
310 2655 384 2712 G.‚
406 2655 527 2710 XVI,
548 2654 642 2708 33.)
660 2653 674 2675 4

270 2760 280 2786 1
309 2761 540 2807 Negotiatio.
572 2760 697 2805 inquit
730 2760 856 2805 Lugo,
888 2760 913 2795 l.
944 2760 1017 2803 ΙΙΙ,
1042 2771 1079 2806 p.
1103 2761 1151 2803 II,
1181 2771 1221 2795 n.
1254 2760 1351 2803 996,
1383 2763 1477 2795 tunc
1504 2760 1547 2795 fit
1577 2761 1735 2806 quando
1765 2762 1854 2807 quis
1884 2772 1928 2797 eo

216 2822 347 2857 animo
374 2832 457 2856 rem
485 2821 560 2856 sibi
587 2823 788 2865 comparat
813 2822 856 2854 ut
882 2820 1077 2865 integram
1102 2823 1139 2855 et
1159 2831 1238 2855 non
1267 2822 1457 2855 mutatam
1487 2820 1618 2855 carius
1640 2821 1846 2856 vendendo
1868 2822 1929 2857 vel

218 2881 480 2928 permutando
501 2881 689 2916 lucretur.

273 2944 435 2987 Quando
469 2953 560 2978 vero
593 2943 738 2978 emitur
771 2942 936 2977 materia
970 2953 1014 2978 ea
1047 2943 1265 2978 intentione
1298 2946 1360 2984 ut,
1399 2942 1550 2977 meliori
1584 2942 1709 2979 torma
1745 2944 1926 2989 inducta,

221 3004 349 3040 denuo
373 3003 583 3046 vendatur,
609 3002 709 3038 lucri
733 3001 901 3037 faciendi
928 3002 1071 3048 gratia,
1102 3003 1193 3038 haec'
1212 3002 1357 3037 dicitur
1384 3001 1582 3037 industria
1606 3012 1675 3038 seu
1699 3004 1927 3048 artificium,
