2145 3366
138 2080 190 2107 531]

236 254 315 294 4130
942 264 1053 292 PARS
1087 264 1153 293 DE(
1165 263 1255 293 :mIA

240 445 391 480 Nostris
418 455 651 490 persuasum
681 454 767 480 esse
796 455 875 480 non
903 444 1034 480 omnia
1063 444 1269 480 charitatis
1297 444 1424 480 officia
1450 454 1472 480 a
1499 445 1650 481 Nostris
1679 445 1944 490 suscipienda,

240 515 365 550 neque
385 507 541 549 gratum
571 514 656 540 esse
682 504 761 539 Duo
790 507 829 539 ut
853 505 1137 550 suscipiantur,
1165 504 1232 539 sed
1261 514 1305 539 ea
1334 506 1489 540 tantum
1511 515 1598 550 quae
1620 505 1820 548 Instituto,
1844 504 1948 550 quod

240 565 352 600 nobis
374 564 509 609 utique
530 564 578 599 ab
599 564 667 599 illo
689 564 877 600 donatum
899 567 971 607 est,
995 566 1258 600 consentanea
1280 566 1388 599 sunt.
1413 576 1428 597 >›
1456 560 1588 613 (1583,
1607 564 1647 600 C.
1666 564 1728 608 G.,
1750 565 1816 607 ΙΙΙ,
1837 564 1873 608 5,
1893 561 1945 613 4.)

292 639 306 660 ‘⁶'
328 642 369 677 Id
393 652 471 677 non
498 641 735 687 intelligitur
756 642 802 677 de
829 642 1076 677 testamentis
1103 642 1219 677 tactis
1241 642 1282 677 in
1307 642 1476 688 gratiam
1499 641 1718 685 Societatis,
1744 642 1784 677 in
1805 642 1949 687 quibus

240 702 328 737 licet
349 701 487 736 Nostro
509 711 595 736 esse
619 702 839 736 exsecutori
870 698 921 750 (a.
947 700 1062 744 1603,
1092 697 1222 749 1662).

293 776 308 803 3
331 779 385 814 Ex
406 779 524 824 hujus
546 779 849 815 Constitutionis
877 779 1144 815 declaratione
1171 779 1215 819 D,
1246 779 1354 815 solus
1376 779 1594 823 Generalis,
1617 782 1684 815 aut
1709 779 1742 815 is
1767 779 1829 815 cui
1850 780 1951 815 hanc

241 841 473 885 potestatem
503 839 755 885 delegaverit,
788 839 1018 874 facultatem
1047 839 1140 874 dare
1171 841 1298 884 potest
1328 839 1390 875 his
1418 839 1586 886 negotiis
1617 849 1657 875 se
1686 840 1945 876 immiscendi.

245 912 259 932 «
283 900 360 934 Hac
380 899 515 944 phrasi
536 896 676 947 (quoad
696 898 776 944 ejas
792 899 878 947 sieri
895 896 1053 947 poterit)
1086 909 1165 934 non
1188 899 1436 944 significatur
1455 899 1638 935 debilitas
1656 898 1948 945 prohibitionis,

242 959 309 994 sed
330 959 575 994 vehementia
602 961 639 994 et
663 958 874 996 contentio,
899 961 941 994 ut
964 968 1075 994 secus
1103 968 1309 1004 nunquam
1337 958 1419 995 fiat.
1446 971 1461 992 »
1488 955 1627 1007 (Natal.
1653 958 1781 994 Schol.
1807 958 1848 993 in
1870 959 1951 996 haec

241 1018 373 1054 verba.
399 1017 495 1061 Cst.,
518 1018 583 1061 VI,
608 1028 640 1053 c.
667 1015 742 1059 111.)

293 1093 310 1120 4
330 1096 411 1131 Non
439 1106 644 1131 censemur
670 1096 867 1131 intentare
895 1096 1019 1139 litem,
1044 1096 1077 1131 si
1106 1095 1302 1132 debitores
1330 1096 1544 1132 renitentes
1572 1096 1736 1132 citemus
1764 1096 1813 1132 ad
1844 1095 1950 1132 solu-

242 1156 387 1192 tionem
409 1156 626 1202 urgendam
654 1152 702 1204 (b.
728 1155 793 1203 †·1·,
818 1152 948 1205 1584).

313 1232 556 1279 5Nequide1n
592 1234 660 1270 ubi
698 1244 909 1277 vexamur,
952 1234 1197 1270 criminalem
1238 1235 1438 1280 querelam
1477 1244 1500 1270 a
1537 1235 1651 1270 nobis
1688 1234 1829 1280 deponi
1867 1234 1951 1269 vult

242 1294 282 1329 P.
301 1293 489 1329 Claudius
512 1291 563 1343 (a.
584 1292 714 1343 1586).
741 1294 937 1329 Permittit
959 1297 1091 1330 tamen
1112 1294 1281 1340 judicem
1305 1294 1525 1338 informari,
1547 1297 1590 1330 ut
1616 1295 1700 1340 ipse
1720 1297 1831 1330 extra
1851 1294 1953 1339 judi-

243 1354 345 1389 cium
367 1353 428 1388 vel
449 1363 517 1399 per
534 1354 725 1399 juridicas
754 1354 1054 1390 informationes
1079 1357 1305 1390 vexatorem
1334 1357 1521 1398 coerceat,
1547 1355 1615 1390 sed
1643 1355 1696 1390 ita
1722 1357 1765 1389 ut
1791 1354 1833 1389 in
1854 1353 1952 1389 actis

242 1424 320 1449 non
342 1416 529 1458 appareat
550 1413 711 1449 Nostros
733 1413 885 1459 aliquid
907 1414 1046 1460 egisse.
1073 1414 1206 1457 Quoad
1233 1414 1322 1449 lites
1343 1414 1492 1457 civiles,
1516 1414 1616 1449 nihil
1639 1413 1707 1449 siat
1730 1413 1952 1449 inconsulto

244 1473 438 1509 Generali.
467 1473 506 1508 Si
536 1473 727 1519 possibile
761 1473 825 1515 sit,
862 1473 1085 1518 jurisdictio
1115 1473 1380 1509 ecclesiastica
1413 1474 1569 1509 delendi
1600 1484 1622 1509 a
1654 1473 1806 1509 Nostris
1839 1473 1953 1509 debet

244 1533 459 1568 secundum
484 1533 789 1578 probatissimos
817 1535 998 1568 auctores
1029 1530 1076 1582 (a.
1104 1531 1241 1581 1586);
1270 1544 1341 1569 nec
1362 1536 1404 1569 ut
1425 1534 1580 1569 civilem
1608 1534 1796 1569 adeamus
1823 1543 1952 1568 exem-

243 1593 351 1639 plum
383 1595 612 1628 coeterorum
646 1593 837 1628 Ordinuin
870 1593 970 1628 ratio
1002 1592 1200 1628 sufficiens
1226 1596 1285 1628 est
1309 1590 1355 1640 (b.
1378 1593 1442 1639 ††,
1471 1590 1600 1642 1625).
1622 1593 1696 1629 Ubi
1714 1603 1805 1628 vero
1823 1592 1952 1628 Nostri

244 1654 451 1698 coguntur,
482 1652 531 1687 ad
563 1652 833 1688 redimendam
864 1652 1125 1696 vexationem,
1159 1662 1290 1688 coram
1317 1652 1516 1698 J'udicibus
1548 1652 1805 1688 saecularibus
1834 1652 1951 1687 etiam

245 1711 438 1747 haereticis
470 1722 510 1747 se
541 1712 694 1754 sistere,
723 1712 762 1747 id
793 1713 943 1757 absque
974 1713 1160 1757 scrupulo
1190 1712 1275 1747 fieri
1306 1715 1433 1758 potest
1464 1709 1513 1761 (a.
1542 1712 1657 1755 1584,
1688 1710 1817 1760 1586).
1849 1712 1953 1747 Licet

244 1781 373 1806 coram
404 1772 460 1807 eis
489 1772 623 1816 Jurare
645 1772 677 1806 si
704 1772 867 1817 iubeant
900 1769 1044 1821 (1604).
1074 1772 1287 1817 Nequidem
1316 1772 1365 1807 ad
1396 1772 1647 1807 liberandum
1675 1782 1785 1807 reum
1812 1771 1878 1817 qui
1906 1781 1953 1806 ex

244 1831 486 1866 confessione
507 1831 695 1867 innocens
714 1831 977 1877 cognoscitur,
1002 1831 1168 1867 debebat
1189 1832 1295 1867 ullus
1316 1842 1363 1867 ex
1384 1832 1460 1867 NN.
1481 1834 1523 1867 ut
1539 1832 1650 1867 testis
1671 1841 1802 1866 coram
1824 1831 1953 1877 judice

245 1901 285 1926 se
315 1891 468 1937 sistere,
500 1891 603 1934 licet,
637 1891 686 1926 ab
716 1891 802 1936 ipso
837 1891 1067 1936 requisitus,
1108 1891 1314 1926 veritatem
1345 1891 1379 1926 ei
1405 1892 1576 1937 pandere
1606 1891 1792 1937 privatim
1822 1893 1954 1937 posset

247 1947 293 1999 (b.
318 1964 326 1968 ·
345 1951 382 1996 ἢ,
412 1948 537 1999 1576).
571 1950 675 1995 Quae,
700 1953 743 1986 ut
768 1953 887 1996 patet,
912 1951 1097 1996 anticluas
1119 1951 1386 1996 exemptiones
1409 1954 1650 1997 supponunt.

305 2065 402 2109 Nec
437 2065 716 2122 preestandae
757 2065 1172 2109 commandationes
1204 2065 1308 2123 piae,
1341 2065 1430 2109 nisi
1459 2065 1676 2123 aequitate
1707 2069 1785 2109 aut
1810 2064 1952 2122 grati-

247 2142 407 2186 tudine
449 2142 700 2198 suadente,
744 2156 1011 2199 expressam
1052 2142 1319 2187 facultatem
1369 2143 1446 2186 det
1487 2142 1732 2200 Superior,
1783 2141 1953 2186 auditis

247 2219 614 2275 Csmsultorilms,
638 2220 684 2262 in
706 2220 1012 2277 gravioribus,
1037 2220 1147 2275 imo,
1174 2221 1207 2263 si
1240 2220 1360 2277 livet,
1387 2220 1506 2263 facio
1534 2220 1590 2263 ad
1614 2219 1951 2263 Provincialem

248 2312 455 2341 recursu.
487 2298 579 2342 Res
606 2298 794 2355 majoris
823 2298 1049 2341 momenti
1077 2298 1175 2354 ipse
1197 2297 1499 2342 Provincialis
1524 2298 1696 2342 indis-et
1717 2296 1949 2342 Generali.

250 2375 313 2430 (C.
340 2375 679 2432 G.,VII,13.)1

309 2453 402 2509 Ipsi
426 2453 758 2497 Procuratores
782 2452 1131 2496 Provinciarum
1160 2453 1285 2496 nulla
1315 2454 1499 2511 negotia
1522 2453 1684 2497 Romae.
1714 2452 1954 2497 tractanda

249 2531 516 2587 suriscipiant.
561 2530 677 2587 (On,
717 2543 780 2585 iv,
815 2530 878 2583 2.)
919 2530 1024 2574 Non
1061 2530 1169 2573 licet
1205 2532 1576 2589 consanguineos
1617 2531 1671 2574 ad
1705 2530 1952 2587 dignitates

251 2622 568 2666 quascumque
596 2609 861 2665 prommeri
890 2607 1095 2651 curare?
1125 2607 1191 2664 (C.
1216 2610 1289 2665 G.,
1317 2609 1417 2665 VH,
1443 2609 1534 2662 13.)

309 2685 463 2729 ‘Vitare
502 2686 641 2729 etiam
680 2699 865 2729 summa
901 2699 1012 2729 eura
1050 2685 1276 2729 debemus
1314 2686 1536 2744 quidquid
1575 2686 1712 2739 alios,
1753 2684 1952 2727 maxime

252 2764 508 2818 Religiosos
541 2768 620 2806 aut
650 2763 774 2807 viros
804 2763 1068 2821 primarios,
1094 2763 1330 2807 offendere
1358 2767 1565 2821 potest33
1597 2764 1653 2806 de
1687 2763 1775 2805 hoe
1805 2761 1953 2819 Supe-

252 2841 398 2883 riores
428 2841 662 2898 inquirant
695 2845 741 2884 et
773 2840 1072 2884 Consultores
1101 2841 1399 2897 Superiorem
1442 2845 1676 2884 moneant.
1709 2840 1834 2895 (Ost,
1869 2839 1950 2895 ΙΙΙ,

257 2930 284 2972 1,
314 2920 364 2966 §³2
403 2944 459 2948 —
488 2918 561 2973 lv,
595 2932 688 2973 xvi,
720 2918 782 2973 D,
808 2918 962 2973 -VL
998 2932 1066 2973 111,
1099 2918 1151 2973 83
1186 2945 1242 2950 ——
1274 2919 1544 2975 VII,11,H;
1579 2944 1636 2949 —
1666 2918 1723 2972 X,
1753 2917 1949 2972 213.-

254 2994 302 3036 (Ἰ.
335 2995 409 3047 G.,
440 2995 542 3047 xil,
574 2996 655 3040 110:
689 3023 745 3027 ——
778 2996 923 3047 XXII,
954 2996 1045 3049 111.)
1084 2997 1331 3052 Speeiatiin
1361 3010 1467 3039 vero
1496 2996 1551 3039 de
1588 2995 1948 3039 Praedieatoruin
