2145 3366
157 1823 210 1850 470

251 229 331 268 4110
976 240 1087 268 PARS
1120 241 1245 269 NONA

251 416 422 475 aliquid
452 430 586 474 posse
614 431 638 460 a
657 416 841 461 Nostris
862 417 1008 474 accipi
1030 422 1201 474 praeter
1226 418 1539 462 necessariam
1570 419 1955 463 sustentationem

249 499 310 544 (α.
335 493 468 549 1582,
492 494 641 546 1612).
667 495 901 538 Statutum
924 500 995 537 est
1016 494 1138 538 circa
1159 495 1307 552 legata
1338 495 1450 552 ipsis
1480 495 1599 539 facta
1626 496 1802 540 nullam
1832 502 1957 553 pote-

250 576 416 615 statem
444 571 617 614 habere
645 571 921 615 Generalem
944 571 1185 615 Societatis
1212 570 1458 629 (α.1657);
1490 572 1698 630 nihilque
1726 573 1956 631 oppigno-

251 647 343 691 rari
371 653 448 692 aut
473 647 609 690 vendi
638 661 789 705 posse,
815 648 924 706 quia
954 648 1077 692 bona
1104 654 1211 692 sunt
1232 648 1546 693 ecclesiastica
1565 655 1624 701 (a.
1649 649 1781 705 1621,
1810 650 1952 704 1626).

249 725 585 768 Eximebantur
611 725 845 769 convictus
867 725 923 769 ab
953 739 1094 769 onere
1122 726 1449 770 contribuendi
1480 727 1744 784 sumptibus
1765 727 1955 771 Provin-

249 802 333 846 ciae
354 806 415 854 (α.
442 802 575 857 1599,
599 802 747 853 1619).
780 802 826 846 Si
861 803 971 860 quid
1005 803 1245 847 residuum
1274 808 1411 859 esset,
1446 803 1492 846 id
1520 803 1881 861 impendebatur
1908 804 1955 848 in

249 879 549 923 alumnorum
585 880 904 935 commodum,
936 894 1015 924 eos
1049 880 1288 924 liberalius
1322 881 1580 936 tractando,
1618 886 1696 925 aut
1722 895 1953 938 pauperes

248 956 550 1000 scholasticos
587 957 769 1013 alendo,
806 963 884 1002 aut
919 958 1175 1001 minuendo
1212 958 1479 1015 pensiones.
1512 958 1702 1002 Licebat
1738 971 1876 1016 porro
1905 959 1968 1002 in*

248 1034 441 1092 gratiam
461 1048 689 1078 novorum
710 1034 1009 1078 alumnorum
1031 1035 1245 1079 consumi
1267 1034 1390 1092 quod
1407 1049 1461 1078 ex
1482 1035 1746 1080 absentium
1765 1036 1953 1093 pensio-

249 1111 388 1155 nibus
409 1111 703 1169 superssuum
725 1111 890 1163 fuerat,
911 1112 1020 1169 quia
1042 1112 1323 1156 censebatur
1344 1112 1582 1156 moraliter
1603 1112 1765 1156 eadem
1789 1112 1956 1157 domus

248 1192 309 1240 (α.
344 1187 499 1241 1612).
543 1188 650 1234 Non
688 1188 794 1246 plus
833 1203 976 1247 quam
1013 1188 1131 1234 2000
1170 1194 1499 1233 coronatorum
1539 1189 1596 1233 ad
1635 1189 1954 1234 occurendum

247 1266 513 1311 necessitati
549 1266 773 1310 servanda
812 1271 946 1311 erant
976 1265 1041 1324 (α.
1077 1266 1226 1320 1583).
1268 1266 1316 1311 Si
1354 1267 1685 1311 dissolveretur
1716 1267 1954 1312 convictus

249 1344 349 1387 sine
373 1357 454 1401 spe
477 1344 845 1396 restaurationis,
867 1345 966 1402 ejus
997 1344 1136 1395 bona,
1160 1349 1385 1403 tanquam
1417 1344 1540 1388 bona
1563 1344 1799 1401 derelicta,
1825 1350 1956 1390 erant

246 1421 295 1464 in
335 1434 565 1479 pauperes
605 1421 942 1477 distribuenda,
985 1435 1080 1465 non
1119 1435 1228 1465 vero
1268 1422 1315 1465 in
1355 1427 1540 1466 nostros
1579 1435 1692 1465 usus
1730 1422 1955 1466 vertenda

247 1502 308 1550 (α.
338 1497 471 1554 1612,
494 1498 656 1558 1618);
690 1499 816 1543 idem
844 1499 1077 1558 agendum
1101 1499 1381 1544 censebatur
1410 1513 1520 1544 cum
1548 1499 1826 1557 supellectili
1848 1513 1956 1544 con-

247 1576 474 1620 victorum
493 1577 705 1634 pecuniis
735 1583 1004 1635 comparata
1023 1581 1084 1629 (a.
1114 1577 1246 1633 1596,
1270 1577 1430 1632 1597),
1462 1576 1547 1621 etsi
1570 1577 1724 1635 egenti
1752 1576 1954 1635 Collegio

248 1653 405 1697 forsan
438 1653 537 1697 dari
566 1659 740 1712 posset,
771 1654 980 1698 curando
1023 1668 1081 1698 ne
1121 1654 1406 1698 levissimam
1438 1654 1644 1712 speciem
1687 1654 1955 1712 cupiditatis

247 1731 621 1783 111011ΓΓ3111115(α.
651 1730 802 1790 1592).

306 1807 368 1853 At
388 1808 530 1852 simul
549 1813 675 1866 patet
694 1809 778 1852 has
798 1809 948 1853 varias
971 1808 1301 1866 dispositiones
1323 1822 1415 1853 non
1440 1808 1606 1853 referri
1628 1808 1684 1852 ad
1712 1808 1953 1853 convictus

248 1885 408 1943 quales
447 1899 571 1929 nunc
610 1885 859 1941 habentur,
896 1886 1070 1944 quique
1101 1887 1281 1930 scholas
1317 1886 1507 1941 habent,
1546 1892 1590 1930 et
1622 1886 1714 1943 apti
1756 1891 1864 1930 sunt
1902 1891 1952 1930 ut

247 1967 562 2020 acceptentur,
593 1963 687 2006 imo
719 1963 889 2020 saepius
923 1968 1225 2020 acceptantur
1256 1968 1307 2007 ut
1338 1976 1445 2006 vera
1471 1962 1688 2021 Collegia.
1721 1962 1767 2006 Si
1795 1967 1951 2006 tamen
2017 1967 2020 1971 ’

248 2039 420 2084 alicubi
441 2039 697 2084 haberetur
721 2040 963 2084 convictus
986 2054 1114 2083 mere
1141 2040 1262 2095 talis,
1286 2040 1316 2084 i.
1340 2054 1378 2084 e.
1408 2040 1583 2097 absque
1605 2039 1776 2083 scholis
1797 2040 1874 2092 (ita
1902 2044 1955 2083 ut
1999 2056 2002 2062 ·

246 2131 287 2160 v.
313 2131 356 2175 g.
387 2117 675 2161 convictores
713 2117 898 2160 adirent
929 2117 1113 2160 scholas
1150 2117 1508 2173 Universitatis),
1539 2118 1641 2160 haec
1674 2116 1875 2175 Collegia
1907 2117 1954 2159 in

248 2208 390 2237 sensu
418 2193 622 2238 Instituti
644 2207 740 2237 non
772 2199 942 2238 essent.
965 2194 1162 2238 Reditus
1191 2208 1301 2237 sane
1323 2194 1497 2238 habere
1528 2199 1742 2251 possent,
1765 2199 1810 2237 at
1837 2207 1955 2251 quo-

247 2285 354 2314 rum
377 2270 583 2315 Societas
605 2272 752 2315 solam
773 2271 1226 2315 administrationem
1250 2271 1423 2316 habere
1446 2271 1678 2315 censenda
1707 2276 1843 2315 esset.
1868 2270 1952 2329 (Cf.

247 2362 385 2405 supra
412 2348 461 2391 P.
489 2348 548 2404 II,
572 2362 613 2392 c.
636 2361 681 2404 v,
703 2362 748 2392 n.
773 2348 896 2402 133.)
922 2348 1084 2401 Quoad
1117 2349 1201 2392 hos
1228 2362 1336 2392 vero
1365 2349 1606 2392 convictus
1632 2362 1714 2392 seu
1736 2347 1954 2406 Collegia,

249 2431 299 2469 ut
319 2425 458 2469 hodie
480 2425 715 2470 habentur
738 2426 1068 2481 communiter,
1094 2426 1475 2469 commendatum
1498 2431 1567 2469 est
1588 2431 1640 2470 ut
1659 2426 1955 2469 alumnorum

248 2516 491 2559 numerus,
517 2503 773 2547 dummodo
797 2503 856 2546 sit
876 2517 969 2547 non
992 2503 1240 2546 mediocris
1262 2503 1331 2560 (C.
1363 2504 1437 2558 G.,
1460 2503 1608 2557 XXII,
1633 2502 1727 2558 19),
1755 2501 1955 2545 nimium

248 2594 342 2623 non
371 2585 675 2624 excresceret.
700 2580 786 2624 Vix
808 2580 932 2623 enim
954 2580 1010 2624 ad
1030 2580 1117 2623 300
1136 2581 1295 2638 augeri
1318 2585 1470 2638 potest
1496 2580 1607 2638 quin
1624 2579 1953 2623 difficillimum

249 2657 412 2700 evadat
432 2658 641 2715 regimen
662 2656 1086 2716 (Γ.181113111830).
1113 2657 1219 2702 Non
1242 2657 1481 2714 placuerat
1506 2657 1687 2700 admitti
1711 2655 1950 2714 puerulos,

249 2748 306 2777 no
334 2739 602 2779 nostrorum
624 2735 955 2793 magistrorum
990 2739 1170 2791 tempus
1200 2735 1354 2778 minus
1378 2734 1554 2779 utiliter
1575 2748 1681 2777 cum
1709 2733 1821 2790 ipsis
1843 2747 1952 2777 con-

250 2816 477 2867 sumatur,
503 2817 548 2855 et
575 2812 681 2868 quia
707 2825 810 2855 raro
838 2812 1106 2869 hujusmodi
1134 2826 1284 2869 usque
1312 2811 1368 2854 ad
1397 2811 1657 2855 studiorum
1681 2809 1822 2853 finem
1844 2823 1950 2866 per-

249 2888 552 2946 5011οΓ11111((1.
583 2888 639 2932 27
666 2902 769 2946 aug.
801 2888 952 2946 1848).
987 2888 1230 2932 Convictus
1264 2887 1424 2944 procul
1459 2887 1515 2931 ab
1548 2887 1745 2930 urbibus
1779 2886 1949 2930 consti-

250 2964 408 3007 tuendi
437 2978 529 3008 non
553 2970 674 3020 sunt,
706 2979 762 3008 ne
791 2964 895 3009 NN.
926 2964 982 3007 ab
1010 2965 1273 3023 apostolicis
1302 2963 1573 3008 ministeriis
1603 2963 1879 3007 desuescant
1905 2967 1949 3007 et

2070 395 2132 443 rehu>

2070 466 2145 520 1111111111

2070 553 2118 596 dille
2139 543 2143 545 ,

2069 626 2142 689 pl³t¹i¹³st
