2145 3366
0 388 40 430 lim

2 512 39 549 Silii

1 573 39 606 niti-

3 633 39 674 [isle

0 692 36 727 llll}

0 829 36 866 illul

0 959 3 981 1
20 952 35 985 xi

0 1008 36 1045 {¹1⁸¹}-

836 835 1022 891 CAPUT
1061 836 1318 891 TERTIUM

425 1032 490 1066 DE
527 1031 646 1066 RITU
681 1031 956 1066 EMISSIONIS
991 1032 1236 1067 VOTORUM
1274 1032 1719 1067 SCHOLASTICORUM

277 1252 312 1297 Ι.
330 1279 388 1284 -
406 1252 601 1298 Quinam
623 1253 824 1298 debeant
845 1253 1031 1298 admitti
1052 1253 1109 1298 ad
1131 1253 1232 1298 haec
1250 1258 1373 1299 vota.
1393 1278 1442 1285 —
1465 1253 1556 1306 Qui
1577 1258 1683 1311 post
1700 1253 1932 1311 probatio·
1987 1270 2039 1297 «ιο-ο

217 1344 299 1374 nes
318 1336 364 1374 et
384 1331 609 1386 contenti,
642 1335 687 1373 et
709 1344 911 1387 quorum
934 1330 1137 1375 Societas
1160 1336 1379 1375 contenta
1397 1332 1531 1389 juxta
1552 1345 1604 1374 ea
1628 1345 1731 1389 quae
1756 1331 1932 1374 haben-

218 1413 295 1452 tur
327 1408 375 1451 in
407 1408 489 1451 Ex.
524 1421 586 1463 iv,
621 1407 695 1451 411.
734 1407 852 1464 (Ex.,
883 1421 965 1464 vn,
998 1407 1041 1452 ²1.
1072 1435 1129 1440 --
1161 1408 1275 1464 Cst.,
1305 1408 1360 1465 V,
1398 1422 1460 1465 iv,
1491 1408 1535 1465 3,
1568 1409 1630 1463 6.)
1671 1408 1718 1452 Si
1751 1408 1932 1452 dubitat

217 1485 446 1542 Societas,
492 1490 773 1543 prorogetur
814 1485 964 1529 donec
1014 1486 1200 1544 utrique
1254 1486 1374 1544 parti
1427 1486 1565 1543 plene
1620 1486 1926 1531 satisfactum.

217 1563 336 1619 (Ex.,
361 1576 423 1618 1v,
452 1563 524 1606 43.
551 1589 608 1594 —
630 1563 744 1620 Cst.,
769 1563 823 1619 V,
848 1576 880 1619 1,
906 1563 950 1618 3,
975 1563 1023 1608 C.
1049 1589 1107 1595 —
1134 1564 1249 1622 Reg.
1275 1563 1428 1619 Prov.,
1458 1564 1551 1618 411.)

275 1685 332 1729 Π.
359 1712 416 1717 -
443 1685 638 1731 Quinam
661 1685 846 1743 possint
866 1685 1129 1731 admittere.
1154 1712 1201 1718 —
1220 1686 1269 1730 10
1286 1686 1514 1730 Primario
1537 1687 1778 1731 Generalis
1796 1686 1926 1743 (Cst.,

216 1763 269 1820 V,
297 1777 328 1818 1,
354 1764 402 1813 23
428 1790 486 1794 —
507 1764 585 1818 IX,
610 1776 680 1819 ΠΙ,
700 1763 761 1818 sl),
793 1764 907 1821 quin
936 1764 1208 1821 requiratur
1234 1777 1491 1808 consensus
1519 1764 1711 1822 capituli
1739 1765 1928 1823 (Grego-

217 1841 315 1884 rius
350 1840 479 1895 XIX,
516 1841 746 1894 Ecclesiae)
793 1846 874 1885 aut
907 1841 1215 1885 formalitates
1251 1842 1299 1885 in
1333 1842 1434 1885 aliis
1468 1841 1727 1886 Ordinibus
1763 1856 1787 1886 a
1822 1844 1928 1901 jure

216 1919 504 1976 praescripti-e
532 1919 660 1971 (Pius
682 1919 761 1975 IX,
791 1919 848 1963 28
866 1920 1049 1977 Januar.
1074 1919 1217 1975 118503
1247 1919 1417 1975 Instit,
1452 1924 1484 1964 t.
1514 1920 1594 1976 III,
1626 1934 1732 1978 app.
1758 1935 1803 1978 p.
1827 1920 1923 1975 215);

215 1997 262 2041 ‘20
282 1996 372 2040 Per
393 1997 869 2040 communicationem
898 1997 1157 2054 Generalis,
1194 1997 1497 2041 Provincialis
1525 1998 1761 2042 ordinaria
1797 2004 1927 2056 pote-

213 2079 329 2118 state
357 2074 429 2126 (R.
458 2074 507 2117 P.
538 2074 637 2129 OQ
673 2074 722 2117 3Ο
748 2074 1131 2119 Extraordinarie
1154 2074 1399 2133 Praepositi
1421 2076 1607 2130 locales,
1639 2076 1797 2120 aliaeve
1820 2091 1925 2134 per-

215 2165 342 2195 sonae
367 2151 592 2210 insignes,
628 2151 769 2195 etiam
804 2152 900 2203 (ubi
930 2152 1083 2196 nullus
1106 2158 1176 2197 est
1205 2152 1453 2197 Professus
1481 2153 1739 2207 Societatis)
1772 2154 1926 2198 Socie-

214 2229 294 2273 tati
323 2235 571 2284 extraneze,
603 2229 775 2287 quibus
804 2230 1046 2275 Generalis
1073 2230 1192 2275 forte
1221 2231 1528 2276 commiserit.
1559 2231 1689 2287 (Ost,
1714 2232 1767 2288 V,
1799 2245 1830 2289 I,
1856 2231 1926 2287 Β.)

275 2351 354 2395 ΠΙ.
385 2351 498 2397 Quid
517 2351 761 2396 emissioni
788 2353 1183 2410 praemittendum.
1213 2380 1272 2385 —
1291 2354 1339 2398 10
1361 2354 1670 2398 Instruendus
1688 2355 1767 2413 qui
1789 2356 1926 2399 emis-
1981 2373 2030 2400 161

214 2443 351 2472 surus
385 2434 454 2473 est
475 2430 530 2473 de
559 2434 723 2473 natura
752 2431 903 2487 quarti
930 2431 1041 2487 voti,
1073 2431 1354 2489 obligatione
1384 2437 1617 2487 votorum,
1650 2446 1923 2476 excommu-

214 2507 447 2551 nicatione
475 2520 499 2550 a
521 2496 852 2552 recedentibus
873 2508 1175 2564 incurrenda,
1200 2509 1244 2552 vi
1266 2509 1583 2553 renovationis
1607 2510 1777 2554 horum
1799 2516 1924 2554 voto-

212 2598 337 2640 rum,
357 2589 402 2628 et
418 2584 518 2628 aliis
538 2585 782 2642 speciatim
797 2585 853 2629 de
871 2585 1170 2630 Scholasticis
1189 2592 1267 2631 aut
1283 2586 1644 2645 Coadjutoribus
1666 2589 1922 2646 respective

212 2662 573 2720 interrogandis.
605 2662 766 2720 (Epit.,
795 2662 846 2707 P.
869 2663 913 2719 ²1,
946 2677 993 2707 n.
1017 2663 1101 2707 1101
1127 2669 1173 2708 et
1196 2678 1297 2723 sqq.
1322 2691 1379 2696 —
1406 2664 1462 2708 R.
1487 2665 1549 2708 M.
1575 2664 1634 2709 N.
1657 2664 1715 2709 80
1736 2670 1781 2710 et
1802 2672 1922 2725 sqq.)

213 2738 261 2782 20
282 2738 684 2783 Considerandum
712 2740 935 2796 Examen,
961 2741 1108 2785 Bullae
1137 2747 1181 2786 et
1207 2741 1424 2800 Regulze3
1454 2741 1502 2785 30
1523 2742 1779 2786 Reddenda
1805 2744 1920 2788 ratio

214 2816 515 2861 conscientiae
544 2822 589 2862 et
610 2818 937 2875 praemittenda
959 2818 1190 2863 confessio
1218 2819 1450 2877 generalis
1472 2818 1625 2863 ultimi
1655 2822 1917 2875 semestris,

214 2907 399 2937 necnon
422 2894 672 2939 octiduana
693 2895 923 2940 Exercitia
947 2900 1006 2951 et,
1029 2897 1067 2940 si
1096 2896 1335 2954 Superiori
1356 2897 1507 2940 visum
1528 2897 1683 2954 fuerit,
1707 2898 1921 2943 triduana

216 2970 540 3016 mendicatio¹.
572 2972 670 3024 (Ex.
697 2985 758 3028 iv,
783 2973 856 3028 27,
880 2972 952 3019 41.
974 3000 1032 3005 -
1058 2973 1114 3019 R.
1140 2974 1202 3019 M.
1227 2973 1286 3019 N.
1309 2974 1382 3029 57,
1404 2973 1476 3031 63,
1501 2973 1593 3028 67.)
