2145 3366
6 1962 78 1985 imili-

5 2009 38 2043 ilii.
48 2007 78 2041 333.

2 2066 30 2100 iiis
44 2075 73 2109 pis}

4 2179 44 2214 338.
64 2197 78 2201 -

5 2268 8 2273 .
18 2236 54 2271 333.
64 2253 78 2258 -

10 2298 76 2336 Quorum

8 2363 34 2387 ius
44 2359 78 2395 qut*

14 2408 50 2442 5:³1».
63 2425 77 2429 ³

795 253 935 282 {milix
968 254 1310 287 ALl'nAssic'rltlUs

192 410 432 455 Vespera»
451 431 494 435 —
516 411 647 445 Utrum
671 411 851 446 habendae
869 412 901 446 in
926 423 1008 447 nos-

240 466 304 499 tris
326 467 509 506 ecclesiis.
528 467 609 502 4114.

192 530 375 567 Vestes.
398 553 442 555 —
464 532 614 576 Quales,
646 532 704 576 80,
728 532 786 567 81.
816 553 861 559 -
884 534 1007 568 Sam-u-

240 587 336 621 lares
355 593 479 622 ulrum
499 589 769 634 permittendae,
789 590 846 624 81.
866 611 909 613 —
925 591 1007 625 Non

239 643 408 688 duplices
442 645 512 679 nisi
543 657 585 679 ex
620 645 912 691 dispensatione,
947 646 1005 687 80,

237 699 295 733 82.
310 721 354 724 -—
367 701 528 736 Vestitus
545 702 610 735 FF.
629 702 1004 747 Coadjutorum,194.

190 764 447 801 Viaticunl.
488 787 530 791 —
563 767 811 810 Moribundis,
846 768 927 802 410.
963 789 1009 792 —

237 821 289 856 Cs.
335 822 524 857 E.1·trcma
564 824 707 858 Unctio.
743 846 789 849 ——
823 825 1007 859 Viaticum

237 888 311 912 non
345 879 565 923 exigendum
601 885 639 914 ut
670 881 913 926 stipendium,
947 882 1005 915 85.

238 934 291 968 Cf.
314 934 474 969 Itinera.

189 998 416 1036 vicarius
445 1001 706 1045 generalis.
734 1023 780 1026 —
811 1002 1007 1044 Quomodo

236 1056 446 1100 eligendus,
468 1056 550 1091 213.
579 1079 625 1082 —
651 1057 833 1102 Potestas,
856 1059 939 1093 214.
962 1080 1007 1084 ——

238 1114 432 1150 potestatis
472 1117 622 1161 limites,
663 1117 747 1152 215.
783 1139 829 1142 —-
862 1118 1003 1163 Officia,

235 1171 317 1206 216.
341 1193 385 1197 —
402 1173 536 1207 Preces
559 1185 624 1219 pro
649 1174 741 1220 ipso,
761 1175 842 1209 2¹14.
865 1197 907 1200 —
922 1176 1006 1212 Non

237 1229 404 1263 nominat
424 1240 694 1275 successorem,
716 1231 799 1266 216.

188 1292 581 1340 Viae-Superior.
617 1318 662 1320 —
698 1297 887 1342 Officium,
921 1298 1003 1333 263.

238 1370 278 1374 —
307 1351 464 1392 Quando
496 1353 683 1387 vocandus
704 1354 1003 1400 Vice-Superior,

236 1406 318 1441 257.
349 1429 391 1432 —
421 1408 551 1443 Utrum
579 1410 641 1454 jus
672 1410 803 1445 habeat
833 1411 877 1445 ad
909 1409 1006 1446 Con—

236 1465 492 1508 gregationem
516 1466 796 1512 provincialem,
818 1467 900 1503 288.

188 1528 373 1566 Victus.
393 1551 434 1554 —
456 1531 563 1566 Ratio
584 1532 716 1576 victus,
732 1533 813 1567 335.
836 1554 882 1557 —
903 1534 1009 1575 Quae—

237 1585 321 1620 dam
344 1587 594 1632 particularia,
611 1588 692 1623 335.
710 1609 756 1614 —
777 1590 835 1625 Nil
858 1602 1008 1625 sumen-

237 1641 325 1676 dum
348 1647 450 1677 extra
474 1648 620 1690 tempus
641 1646 898 1691 constitutum,
921 1648 1004 1691 335,

235 1701 316 1735 337.

187 1766 349 1803 Villae.
371 1788 417 1792 —
436 1768 682 1805 Externorum
706 1782 779 1806 non
801 1772 1004 1817 visitandae,

235 1823 318 1867 143,
337 1824 418 1859 333.
435 1846 481 1849 —
494 1826 638 1862 Nostrae
652 1838 671 1861 a
687 1829 910 1863 mulieribus
932 1841 1006 1864 non

236 1880 439 1925 visitandae,
474 1882 563 1926 1403
593 1904 641 1908 —
673 1895 742 1918 nec
778 1885 1004 1931 habitandae,

235 1935 317 1970 137.
352 1958 398 1962 —
426 1938 521 1973 Cura
560 1939 627 1974 FF.
663 1941 932 1986 Coadjutorum
968 1943 1005 1977 in

235 1993 335 2037 villa,
358 1993 440 2028 196.
463 2015 510 2019 —-
530 1996 736 2042 Recreatio,
760 1998 843 2033 196.

187 2057 428 2095 visitatio.
450 2080 493 2085 —-
520 2061 758 2097 visitationes
786 2065 1003 2109 mulierum,

235 2114 316 2149 527.
336 2136 379 2139 —
397 2115 654 2163 Saecularium,
677 2120 759 2155 532.
776 2142 822 2146 —
835 2122 1004 2158 Visitatio

236 2174 452 2220 Provinciae,
473 2176 556 2212 253.
578 2199 624 2202 —
639 2179 897 2227 Provincialis,
920 2183 1001 2218 255.

235 2251 281 2255 —
315 2232 483 2267 visitatio
522 2235 796 2281 cubiculorum,
835 2239 918 2274 3311.
959 2262 1005 2266 —

236 2287 437 2333 Examinis,
459 2289 541 2325 304.
560 2313 607 2316 —
628 2293 895 2341 Meditationis,
918 2297 1002 2332 304.

187 2352 434 2390 visitator.
452 2376 497 2379 ψ
517 2356 674 2402 Inutilis,
696 2361 847 2405 quando
869 2367 1001 2408 cessat,

233 2409 316 2444 231.
339 2431 385 2434 —
415 2412 551 2447 Munus
580 2418 616 2448 et
645 2419 821 2462 potestas,
850 2419 933 2454 253.
960 2441 1002 2445 —-

236 2466 370 2501 Utrum
399 2468 461 2512 jus
496 2469 630 2505 habeat
662 2472 707 2506 ad
742 2474 1005 2520 Congregatio-

236 2534 336 2568 nem,
359 2524 441 2559 253.
464 2547 510 2550 —
530 2526 673 2572 Officia,
696 2529 778 2565 254.

187 2587 480 2626 visitatores
501 2592 776 2631 domestici.
799 2618 839 2622 —
863 2598 915 2633 Cf.
951 2599 1006 2634 Vi-

234 2645 376 2680 sitcttio.

187 2709 296 2747 vita
325 2713 622 2750 eolnn1unis.
646 2735 688 2740 —
710 2716 897 2755 Servanda
919 2733 1002 2756 cum

235 2767 450 2802 rationabili
473 2769 766 2818 dispensatione,
785 2774 868 2810 335.

1824 257 1902 295 527

1087 414 1206 451 vota
1235 419 1595 465 ooadjsstoruln.
1619 445 1663 472 —U
1685 426 1738 460 (js.
1775 426 1899 461 Cond-

1124 471 1272 515 jurares
1292 479 1531 524 tanqam-ales,
1551 480 1785 525 spirituales.

1087 546 1204 582 vota
1229 548 1520 589 devotionis.
1543 576 1587 578 *ff-
1608 556 1766 597 Quinam
1796 559 1902 593 emit-

1135 607 1222 647 tant,
1246 606 1303 639 64.
1328 627 1370 631 —
1402 608 1572 652 Effectus,
1602 613 1660 652 64,
1692 613 1750 648 65.
1773 635 1819 638 —
1842 615 1903 650 Ri-

1133 664 1203 702 tus,
1226 662 1284 695 65.
1305 684 1349 686 —
1371 664 1586 711 anovatio,
1609 668 1666 703 66.

1087 733 1203 770 vota
1225 739 1561 777 externorum.
1577 764 1622 766 —
1644 743 1902 787 ingredientes

1132 790 1178 823 ob
1202 797 1339 834 votnm,
1363 794 1420 829 20.
1442 818 1487 820 >-
1511 798 1576 832 Jus
1603 800 1841 845 dispensandi
1865 804 1900 837 in

1132 848 1226 881 votis
1254 854 1439 895 externos,
1459 854 1539 888 543.
1564 877 1609 879 —
1626 857 1797 903 Nostros,
1816 860 1898 894 312.

1086 921 1204 958 Vota
1225 922 1275 959 in
1305 925 1517 964 articulo
1546 931 1736 968 mortis.
1758 955 1804 958 —
1825 934 1900 970 No-

1132 978 1320 1025 vitiorum,
1343 982 1401 1016 64.

1083 1052 1203 1089 Vota
1250 1058 1358 1100 post
1404 1057 1677 1098 biennium.
1717 1083 1762 1088 —
1801 1065 1902 1099 AEtas

1131 1110 1332 1156 requisita,
1380 1113 1437 1148 56.
1482 1137 1528 1140 —
1572 1117 1732 1154 Effectus
1777 1121 1900 1166 quoad

1131 1165 1378 1213 Religiosum,
1415 1171 1496 1206 153.
1534 1194 1580 1198 —
1614 1175 1741 1216 Quoad
1774 1178 1900 1213 Socie-

1131 1225 1256 1267 tatem,
1273 1225 1354 1260 156.
1372 1248 1417 1251 —
1435 1229 1506 1263 Alii
1530 1232 1694 1277 effectus,
1713 1233 1795 1278 157,
1814 1246 1896 1281 sqq.

1130 1300 1175 1303 —
1195 1280 1375 1321 Quartum
1406 1289 1543 1329 votum,
1576 1288 1656 1323 159.
1686 1311 1731 1313 -
1758 1290 1900 1337 Accep-

1131 1339 1256 1371 tantur
1291 1350 1388 1384 vere,
1431 1343 1696 1388 conditionate,
1733 1347 1815 1382 153.
1855 1369 1901 1373 —

1130 1392 1333 1429 Solvuntur
1363 1407 1383 1430 a
1418 1398 1604 1445 Generali,
1637 1403 1758 1437 solum
1789 1405 1901 1449 justis

1132 1451 1177 1486 de
1199 1455 1332 1499 causis,
1351 1456 1432 1501 155,
1454 1458 1535 1494 156.
1558 1481 1604 1484 -—
1624 1461 1841 1498 Convalidat
1858 1475 1900 1499 ea

1130 1511 1334 1556 renovatio,
1357 1513 1438 1548 157.
1460 1536 1506 1539 —
1527 1516 1609 1561 Apti
1632 1519 1677 1553 ad
1701 1519 1777 1554 haec
1803 1525 1899 1566 vota,

1130 1564 1212 1600 160.
1249 1588 1295 1592 —
1331 1569 1487 1610 Quinam
1527 1573 1571 1607 ad
1609 1585 1649 1609 ea
1687 1576 1897 1623 admittant,

1130 1622 1212 1657 160.
1248 1645 1294 1648 —
1328 1626 1425 1667 Quid
1456 1631 1756 1674 praemittendum
1790 1635 1899 1670 emis-

1131 1682 1241 1728 sioni,
1262 1684 1344 1720 161.
1369 1707 1412 1712 —
1434 1687 1542 1723 Ritus
1564 1691 1792 1738 emissionis,
1814 1694 1899 1739 161,

1130 1738 1211 1774 162.
1258 1762 1305 1766 -
1343 1742 1394 1777 Cf.
1439 1745 1622 1791 castitas,
1663 1747 1897 1796 obedientia,

1129 1796 1357 1843 Paupertas,
1376 1800 1570 1838 Dimissio.

1082 1869 1203 1907 Vota
1230 1872 1596 1914 professorum.
1614 1900 1660 1903 —
1684 1880 1818 1916 Votum
1841 1894 1899 1917 so-

1133 1930 1255 1964 lemne
1285 1931 1474 1967 Missionis
1505 1934 1720 1981 pontificiae,
1744 1938 1826 1973 179.
1854 1960 1900 1964 —-

1131 1988 1262 2022 Utrum
1285 1988 1329 2022 ad
1352 1989 1459 2034 plura
1481 1991 1622 2036 obliget
1641 2004 1753 2039 quam
1774 2000 1899 2031 votum

1129 2044 1363 2089 obedientiae,
1385 2046 1468 2090 179,
1487 2047 1569 2092 147,
1599 2060 1634 2093 p.
1660 2050 1742 2085 136.
1765 2072 1811 2075 —
1833 2053 1902 2087 Vo-

1129 2105 1206 2135 tum
1229 2103 1471 2147 paupertatis,
1489 2104 1572 2146 112,
1595 2117 1678 2152 sqq.
1698 2128 1744 2131 —
1764 2108 1899 2143 Votum

1129 2157 1174 2191 de
1189 2169 1263 2191 non
1285 2159 1485 2194 relaxanda
1506 2166 1735 2207 paupertate,
1755 2164 1837 2199 180.
1854 2185 1901 2189 —

1129 2214 1373 2259 Dispensatur
1390 2227 1410 2250 a
1431 2217 1511 2251 solo
1532 2217 1645 2263 Papa,
1660 2219 1741 2254 182.
1764 2242 1810 2245 —
1830 2222 1901 2256 Vo-

1128 2275 1206 2305 tum
1229 2283 1303 2306 non
1324 2272 1513 2307 ambiendi
1538 2275 1574 2308 in
1596 2275 1793 2322 Societate,
1813 2278 1896 2323 181,

1128 2328 1208 2362 129.
1234 2349 1276 2353 —
1298 2329 1382 2364 Non
1403 2330 1592 2366 ambiendi
1611 2336 1726 2378 extra,
1747 2334 1830 2369 182.
1854 2357 1900 2360 —

1128 2384 1380 2420 Denuntiandi
1413 2387 1632 2432 ambientes,
1661 2389 1748 2425 183-
1764 2412 1811 2416 —
1831 2392 1902 2427 Vo-

1130 2445 1207 2475 tum
1237 2442 1414 2477 audiendi
1437 2443 1673 2490 Generalem,
1695 2447 1777 2482 183.

1176 2498 1284 2533 Ritus
1299 2499 1490 2534 emittendi
1507 2501 1799 2549 Professionem,
1814 2505 1897 2550 184,

1129 2565 1211 2600 sqq.
1235 2576 1280 2579 —
1302 2556 1393 2590 Vota
1414 2557 1601 2602 simplicia
1622 2559 1897 2607 Professorum,

1127 2610 1210 2645 186.
1242 2632 1288 2635 —
1320 2612 1408 2653 Quae
1442 2612 1611 2648 iteranda
1643 2615 1673 2650 si
1708 2616 1897 2652 professio

1129 2667 1199 2701 fuit
1234 2668 1350 2712 nulla,
1391 2668 1472 2703 183.
1510 2691 1556 2694 ——
1596 2671 1648 2707 Cf.
1690 2672 1896 2719 Professio,

1127 2724 1296 2768 Pros'essi
1323 2730 1490 2769 quatuor
1515 2731 1703 2773 votorum,
1729 2729 1898 2775 Professi

1128 2780 1249 2814 trium
1269 2784 1456 2816 votorum.
