2145 3366
0 951 27 988 131
36 970 43 990 1,

0 1015 45 1049 11111-

0 1082 18 1108 &x
27 1084 46 1110 eo

0 1133 47 1170 &ralis

1 1195 47 1229 iniis

5 1253 47 1289 Con-

0 1393 47 1428 indie

0 1464 18 1495 11,
27 1453 48 1489 de

604 272 919 299 1ιο1,ι,1-;(;10111·,11
952 271 1201 305 1«“1’Ν11ΛΤ[0,
1240 272 1505 300 1)15;501,1ῑ110
1835 264 1912 301 3117

205 448 521 507 Collegioruni
546 448 814 493 fundatione
842 462 908 493 eae
936 448 1227 492 conditiones
1256 463 1360 506 quae
1389 449 1540 493 studia
1561 449 1839 506 in‘ipcdiunt,
1867 455 1916 493 ut

205 531 326 570 esset
360 540 473 569 cura
501 526 782 581 animarum,
816 525 1067 570 celebratio
1104 527 1357 570 missarum
1392 527 1522 583 (Cst.,
1549 526 1625 582 IV,
1648 539 1697 582 11,
1730 526 1790 582 4),
1826 527 1916 569 nisi

205 603 467 660 perexiguae
489 603 806 647 distractionis
828 603 873 646 id
895 608 1033 646 esset.
1055 603 1212 658 (Ibid,
1238 603 1288 647 B.
1306 630 1363 634 -—
1380 604 1457 660 VI,
1480 604 1524 660 3,
1547 603 1641 657 C.)¹
1672 604 1916 660 Sepultura

204 680 313 724 solis
350 680 709 730 Fundatorilnis,
744 680 1041 737 Principibus
1076 686 1122 724 et
1151 680 1361 725 Praelatis
1396 681 1475 739 qui
1510 695 1613 724 eam
1648 686 1814 738 petunt
1848 687 1917 725 est

205 757 506 801 concedenda
526 756 565 806 *²3
597 772 688 802 non
717 772 824 802 vero
856 772 1021 801 eorum
1054 759 1272 816 posteris,
1297 772 1383 802 nec
1408 758 1526 814 aliis,
1558 758 1736 817 absque
1764 759 1916 803 Gene-

204 835 312 878 ralis
332 834 534 891 licentia,
553 835 610 878 ad
627 849 768 892 quam
791 835 1089 892 flagitandam
1109 849 1249 879 nemo
1272 849 1320 879 se
1340 835 1518 879 offerat.
1545 836 1612 892 (C.
1636 837 1710 892 G.,
1735 836 1770 891 Ι,
1790 836 1920 890 121.)

204 912 309 957 Νο11
331 911 505 956 debent
523 912 704 956 admitti
724 912 1001 969 Capellaniae
1020 913 1191 969 quibus
1214 913 1475 957 inserviunt
1492 913 1650 957 clerici
1670 913 1918 958 saeculares

203 1003 228 1033 a
250 988 434 1033 Nostris
457 989 747 1040 nominandi,
775 1003 832 1033 ne
852 1003 907 1033 ex
928 1004 1091 1033 earum
1117 991 1341 1035 censibus
1354 991 1515 1049 augeri
1536 991 1749 1035 videatur
1770 991 1919 1036 Colle-

204 1067 351 1124 gium.
378 1066 445 1121 (C.
471 1067 546 1122 G„
571 1066 605 1122 Ι,
626 1066 750 1119 134.)
771 1065 786 1092 3
816 1066 867 1109 Ι11
890 1067 1062 1111 nostris
1085 1067 1305 1111 Ecclesiis
1327 1081 1414 1111 nec
1436 1069 1512 1126 jus
1534 1068 1683 1111 ullum
1709 1069 1920 1113 cuicum-

204 1157 293 1202 que
315 1143 673 1202 Congrcgationi
696 1143 904 1188 (landum
933 1149 1018 1199 est,
1043 1158 1129 1188 nec
1150 1151 1405 1189 conventus
1434 1145 1573 1189 alieni
1594 1146 1914 1203 permittendi.

202 1220 335 1279 (Cst.,
359 1221 459 1276 ΥΙΙ,
483 1220 526 1276 4,
551 1221 624 1273 G.)
647 1221 698 1263 In
720 1221 990 1264 fundatione
1009 1221 1201 1279 Collegii
1223 1235 1317 1265 11011
1339 1228 1408 1266 est
1430 1222 1719 1267 admittenda
1737 1224 1917 1282 obliga-

202 1298 264 1342 tio
306 1298 561 1342 lectionum
600 1303 680 1341 aut
724 1297 969 1354 lectorum,
1019 1299 1195 1357 absque
1236 1314 1403 1358 magna
1439 1300 1814 1345 consideratione
1863 1308 1914 1346 et

201 1375 445 1433 Praepositi
477 1375 708 1433 generalis
742 1375 1100 1433 approbatione,
1143 1376 1273 1432 (Cst.,
1316 1377 1392 1433 IV,
1428 1378 1471 1432 2,
1512 1378 1583 1431 Β.)
1620 1378 1711 1424 Ubi
1751 1379 1916 1438 aliqua

201 1452 421 1511 obligatio
454 1452 727 1511 hujusmodi
757 1453 961 1497 admissa
996 1459 1080 1508 est,
1124 1454 1358 1511 implenda
1391 1455 1493 1511 erit,
1535 1455 1616 1498 sed
1652 1455 1773 1512 ultra
1810 1471 1907 1502 11011

201 1530 555 1588 procedendum
575 1530 723 1585 facile,
747 1544 804 1573 ne
836 1544 953 1574 nova
973 1531 1192 1589 obligatio
1213 1538 1448 1590 exsurgat.
1470 1532 1602 1589 (Cst.,
1628 1533 1703 1589 IV,
1732 1534 1806 1590 11,
1831 1535 1918 1593 Α.)

202 1608 369 1652 Caveat
403 1608 644 1653 Generalis
677 1622 736 1651 110
771 1608 916 1651 nimia
950 1622 1094 1652 onera
1133 1609 1449 1667 suscipiantur
1471 1611 1503 1653 4.
1541 1611 1587 1654 Si
1621 1611 1732 1670 quid
1767 1613 1915 1659 nimis

202 1699 455 1730 onerosum
483 1686 741 1730 admissum
769 1685 934 1730 fuisset
959 1686 1031 1729 vel
1053 1687 1289 1743 evasisset,
1317 1687 1375 1731 de
1400 1687 1488 1731 hoc
1509 1693 1680 1733 statuat
1701 1689 1910 1749 Congre-

160 1776 163 1779 ·
202 1764 322 1823 gatio
351 1763 597 1822 generalis.
629 1763 763 1820 (Cst.,
788 1763 864 1819 IV,
898 1776 949 1819 11,
972 1763 1016 1807 2.
1040 1789 1098 1795 —
1125 1764 1203 1819 IX,
1226 1764 1270 1819 3,
1299 1764 1397 1823 17.)
1417 1767 1432 1792 5
1463 1765 1593 1810 Licet
1622 1772 1781 1811 autem
1810 1783 1907 1814 11011

202 1841 474 1885 admittatur
509 1841 695 1885 donatio
737 1855 846 1885 cum
888 1841 1155 1885 conditione
1198 1841 1424 1886 lectorem
1466 1843 1515 1886 in
1558 1844 1792 1903 theologia
1831 1853 1917 1892 aut

203 1919 578 1963 concionatorem
623 1918 900 1976 praestandi,
946 1932 1005 1962 ne
1048 1918 1261 1963 videatur
1304 1920 1450 1977 accipi
1496 1921 1779 1979 stipendium
1827 1938 1911 1982 pro

204 1996 464 2041 ministerio
493 2010 640 2052 sacro,
666 2001 818 2054 potest
842 1996 1118 2054 hujusmodi
1139 1997 1376 2055 obligatio,
1402 1999 1686 2056 acceptando
1712 2000 1915 2046 Univer-

205 2074 406 2130 sitatem,
428 2074 646 2117 vindirecte
667 2073 856 2131 suscipi.
874 2073 1005 2130 (Cst.,
1026 2073 1102 2131 IV,
1120 2087 1203 2130 vn,
1228 2074 1271 2131 3,
1296 2074 1346 2119 E.
1372 2101 1426 2107 —-
1444 2075 1492 2119 C.
1518 2076 1592 2128 G.,
1617 2079 1649 2132 I,
1674 2078 1746 2133 74,
1778 2079 1875 2135 75.)
1901 2082 1914 2102 '³

260 2207 271 2234 1
294 2209 377 2245 Non
391 2211 449 2244 est
469 2208 644 2244 admissa
665 2208 813 2244 dotatio
831 2208 990 2254 pinguis
1009 2219 1078 2255 pro
1097 2209 1266 2255 Collegio
1286 2209 1504 2247 Alassiensi
1520 2222 1609 2247 cum
1625 2222 1742 2249 onere
1760 2214 1917 2252 dicendi

206 2269 369 2305 missam
392 2268 580 2314 quotidie,
603 2271 640 2303 et
661 2268 820 2303 tenendi
842 2278 1005 2314 parvam
1024 2269 1200 2305 scholam
1218 2270 1491 2306 abecedariam
1513 2270 1568 2317 (a.
1596 2271 1730 2319 1650).

260 2350 276 2377 2
299 2352 371 2389 Jus
394 2351 607 2397 sepulturae
634 2355 867 2399 perpetuum
893 2355 1079 2398 negatum
1101 2355 1160 2388 est
1180 2353 1256 2399 ipsi
1278 2353 1478 2389 Gai-dinan
1502 2354 1687 2391 Farnesio
1714 2356 1918 2395 fundatori

207 2415 341 2458 utpote
359 2412 463 2458 quod
484 2411 532 2446 iis
554 2411 649 2446 solis
671 2411 851 2456 personis
872 2421 895 2446 a
912 2411 1094 2448 Generali
1112 2413 1271 2449 concedi
1296 2414 1419 2459 possit
1437 2424 1524 2459 quae
1546 2415 1592 2450 de
1612 2415 1803 2453 Societate
1824 2421 1919 2455 sunt

208 2473 304 2508 bene
326 2471 476 2507 meritae
497 2470 550 2516 (a.
578 2467 709 2517 1604).
734 2470 779 2506 Et
799 2471 847 2506 de
867 2470 954 2516 jure
974 2476 1159 2519 perpetuo
1181 2472 1364 2508 similiter
1384 2483 1486 2519 resp.
1514 2474 1629 2517 1564,
1655 2475 1770 2520 1605,
1804 2477 1918 2521 1622,

208 2532 256 2567 01)
275 2532 379 2567 decr.
417 2530 484 2565 121
521 2529 561 2565 C.
592 2529 656 2573 G.,
688 2530 701 2564 I
729 2530 782 2567 (ἀ.
807 2529 867 2565 Ad
891 2540 928 2566 v.
962 2530 1149 2578 Capena).
1184 2531 1422 2568 Concessum
1456 2536 1587 2568 tamen
1616 2536 1675 2569 est
1705 2535 1921 2581 aliquando

208 2590 280 2626 hoc
309 2590 372 2636 jus
395 2599 519 2635 usque
541 2589 590 2624 ad
612 2591 809 2634 quartam,
843 2589 921 2625 imo
939 2590 989 2625 ad
1010 2593 1189 2627 octavam
1221 2592 1515 2638 generationem
1546 2592 1599 2637 (a.
1637 2593 1751 2638 1636,
1789 2596 1921 2643 1643).

209 2650 452 2686 Fundatores
473 2649 549 2694 ipsi
570 2651 736 2694 possunt
764 2648 923 2694 sepeliri
942 2649 982 2684 in
1003 2650 1152 2686 nostris
1174 2651 1331 2697 templis
1356 2652 1506 2697 absque
1538 2652 1742 2690 Generalis
1764 2655 1926 2702 dispen—

210 2710 376 2751 satione,
397 2711 437 2744 at
458 2718 537 2743 non
560 2707 627 2743 alii
648 2706 699 2753 (a.
718 2707 844 2751 1:560).
870 2708 953 2744 Non
971 2710 1281 2754 permittendum
1301 2713 1374 2753 est,
1397 2711 1429 2746 si
1451 2711 1492 2747 id
1510 2711 1692 2757 impediri
1713 2717 1856 2760 potest,
1883 2719 1926 2752 ut

210 2769 277 2814 qui
298 2769 362 2814 jus
382 2768 598 2813 sepulturae
618 2767 660 2802 in
683 2766 831 2802 nostris
850 2766 1031 2804 Ecclesiis
1052 2769 1199 2805 habent
1221 2780 1314 2805 suas
1336 2770 1483 2814 effigies
1504 2776 1705 2816 apponant
1729 2773 1782 2819 (a.
1806 2775 1921 2819 1584,

216 2828 340 2874 1653).
378 2827 421 2862 Et
455 2826 674 2873 generatim
703 2829 844 2861 statuae
870 2829 907 2862 et
941 2827 1219 2874 inscriptiones
1250 2840 1321 2865 nec
1352 2830 1391 2864 in
1422 2831 1580 2876 templis
1610 2842 1681 2867 nec
1708 2833 1749 2867 in
1782 2835 1927 2871 scholis

211 2888 359 2924 nostris
382 2887 650 2922 admittantur
669 2885 722 2931 (α.
750 2885 878 2932 1594).
900 2886 975 2922 Nec
996 2887 1109 2924 facile
1128 2889 1421 2924 concedendum
1442 2893 1501 2925 est
1525 2893 1565 2925 ut
1587 2892 1733 2928 tabulis
1754 2894 1869 2939 pictis
1888 2899 1926 2931 et

211 2946 454 2983 ornamentis
494 2945 618 2981 sacris
658 2954 745 2990 quae
780 2944 895 2980 nohis
938 2946 1137 2983 donantur
1186 2948 1422 2984 donatorum
1463 2949 1636 2996 insignia
1674 2957 1926 2997 apponantur

212 3007 265 3053 (a.
295 3006 422 3051 1584).
447 3005 496 3041 At
516 3005 555 3041 id
575 3014 653 3040 non
674 3003 912 3050 intelligitur
931 3005 979 3042 de
996 3005 1224 3053 insignibus
1252 3007 1476 3044 fundatoris
1495 3019 1583 3045 cum
1605 3010 1862 3058 inscriptione
1886 3015 1926 3052 in
