<?xml version="1.0" encoding="UTF-8"?>
<!DOCTYPE html PUBLIC "-//W3C//DTD XHTML 1.0 Transitional//EN"
    "http://www.w3.org/TR/xhtml1/DTD/xhtml1-transitional.dtd">
<html xmlns="http://www.w3.org/1999/xhtml" xml:lang="en" lang="en">
 <head>
  <title>
</title>
<meta http-equiv="Content-Type" content="text/html;charset=utf-8" />
  <meta name='ocr-system' content='tesseract 3.04.00' />
  <meta name='ocr-capabilities' content='ocr_page ocr_carea ocr_par ocr_line ocrx_word'/>
</head>
<body>
  <div class='ocr_page' id='page_1' title='image "./compendiuminstit00rami_0368.png"; bbox 0 0 2145 3366; ppageno 0'>
   <div class='ocr_carea' id='block_1_1' title="bbox 146 2293 198 2319">
    <p class='ocr_par' dir='ltr' id='par_1_1' title="bbox 146 2293 198 2319">
     <span class='ocr_line' id='line_1_1' title="bbox 146 2293 198 2319; baseline -0.038 0"><span class='ocrx_word' id='word_1_1' title='bbox 146 2293 198 2319; x_wconf 63' lang='grc'>408</span> 
     </span>
    </p>
   </div>
   <div class='ocr_carea' id='block_1_2' title="bbox 254 240 1277 282">
    <p class='ocr_par' dir='ltr' id='par_1_2' title="bbox 254 240 1277 282">
     <span class='ocr_line' id='line_1_2' title="bbox 254 240 1277 282; baseline 0.003 -3"><span class='ocrx_word' id='word_1_2' title='bbox 254 240 334 280; x_wconf 74' lang='grc'>362</span> <span class='ocrx_word' id='word_1_3' title='bbox 941 252 1054 281; x_wconf 82' lang='lat' dir='ltr'>PARS</span> <span class='ocrx_word' id='word_1_4' title='bbox 1085 252 1277 282; x_wconf 77' lang='lat' dir='ltr'><strong>SEPTIMA</strong></span> 
     </span>
    </p>
   </div>
   <div class='ocr_carea' id='block_1_3' title="bbox 266 344 1557 351">
    <p class='ocr_par' dir='ltr' id='par_1_3' title="bbox 266 344 1557 351">
     <span class='ocr_line' id='line_1_3' title="bbox 266 344 1557 351; baseline 0 0"><span class='ocrx_word' id='word_1_5' title='bbox 266 344 1557 351; x_wconf 95' lang='lat' dir='ltr'> </span> 
     </span>
    </p>
   </div>
   <div class='ocr_carea' id='block_1_4' title="bbox 254 427 1957 796">
    <p class='ocr_par' dir='ltr' id='par_1_4' title="bbox 255 427 1956 641">
     <span class='ocr_line' id='line_1_4' title="bbox 255 427 1955 488; baseline 0.002 -17"><span class='ocrx_word' id='word_1_6' title='bbox 255 427 402 472; x_wconf 87' lang='lat' dir='ltr'>libere</span> <span class='ocrx_word' id='word_1_7' title='bbox 431 434 476 472; x_wconf 91' lang='lat' dir='ltr'>et</span> <span class='ocrx_word' id='word_1_8' title='bbox 515 429 724 473; x_wconf 80' lang='lat' dir='ltr'>modeste</span> <span class='ocrx_word' id='word_1_9' title='bbox 764 429 811 473; x_wconf 89' lang='lat' dir='ltr'>id</span> <span class='ocrx_word' id='word_1_10' title='bbox 840 429 1102 488; x_wconf 80' lang='lat' dir='ltr'>significent</span> <span class='ocrx_word' id='word_1_11' title='bbox 1129 430 1251 488; x_wconf 89' lang='lat' dir='ltr'>quod</span> <span class='ocrx_word' id='word_1_12' title='bbox 1273 430 1483 474; x_wconf 84' lang='lat' dir='ltr'>divinum</span> <span class='ocrx_word' id='word_1_13' title='bbox 1512 430 1791 488; x_wconf 80' lang='lat' dir='ltr'>obsequium</span> <span class='ocrx_word' id='word_1_14' title='bbox 1814 431 1955 475; x_wconf 88' lang='lat' dir='ltr'>dicta-</span> 
     </span>
     <span class='ocr_line' id='line_1_5' title="bbox 255 505 1956 565; baseline 0.002 -17"><span class='ocrx_word' id='word_1_15' title='bbox 255 506 387 549; x_wconf 83' lang='lat' dir='ltr'>verit.</span> <span class='ocrx_word' id='word_1_16' title='bbox 419 505 508 549; x_wconf 89' lang='lat' dir='ltr'>Eos</span> <span class='ocrx_word' id='word_1_17' title='bbox 532 505 749 550; x_wconf 86' lang='lat' dir='ltr'>Societati</span> <span class='ocrx_word' id='word_1_18' title='bbox 776 507 895 550; x_wconf 86' lang='lat' dir='ltr'>bene</span> <span class='ocrx_word' id='word_1_19' title='bbox 926 507 1114 551; x_wconf 79' lang='lat' dir='ltr'>affectos</span> <span class='ocrx_word' id='word_1_20' title='bbox 1148 507 1300 551; x_wconf 88' lang='lat' dir='ltr'>facere</span> <span class='ocrx_word' id='word_1_21' title='bbox 1327 513 1506 559; x_wconf 86' lang='lat' dir='ltr'>curent,</span> <span class='ocrx_word' id='word_1_22' title='bbox 1537 513 1582 552; x_wconf 89' lang='lat' dir='ltr'>et</span> <span class='ocrx_word' id='word_1_23' title='bbox 1615 509 1677 551; x_wconf 90' lang='lat' dir='ltr'>ita</span> <span class='ocrx_word' id='word_1_24' title='bbox 1710 508 1956 565; x_wconf 77' lang='lat' dir='ltr'>disponant</span> 
     </span>
     <span class='ocr_line' id='line_1_6' title="bbox 255 583 1393 641; baseline 0.004 -16"><span class='ocrx_word' id='word_1_25' title='bbox 255 587 307 626; x_wconf 91' lang='lat' dir='ltr'>ut</span> <span class='ocrx_word' id='word_1_26' title='bbox 333 596 415 626; x_wconf 91' lang='lat' dir='ltr'>sua</span> <span class='ocrx_word' id='word_1_27' title='bbox 443 583 652 639; x_wconf 86' lang='lat' dir='ltr'>mutatio,</span> <span class='ocrx_word' id='word_1_28' title='bbox 678 584 866 641; x_wconf 87' lang='lat' dir='ltr'>quando</span> <span class='ocrx_word' id='word_1_29' title='bbox 891 585 1118 641; x_wconf 87' lang='lat' dir='ltr'>expediat,</span> <span class='ocrx_word' id='word_1_30' title='bbox 1143 584 1291 629; x_wconf 87' lang='lat' dir='ltr'>facilis</span> <span class='ocrx_word' id='word_1_31' title='bbox 1319 585 1393 629; x_wconf 86' lang='lat' dir='ltr'>sit.</span> 
     </span>
    </p>

    <p class='ocr_par' dir='ltr' id='par_1_5' title="bbox 254 642 1957 796">
     <span class='ocr_line' id='line_1_7' title="bbox 314 642 1957 718; baseline 0.002 -15"><span class='ocrx_word' id='word_1_32' title='bbox 314 642 385 704; x_wconf 87' lang='lat' dir='ltr'>Ne</span> <span class='ocrx_word' id='word_1_33' title='bbox 418 659 570 703; x_wconf 88' lang='lat' dir='ltr'>aulam</span> <span class='ocrx_word' id='word_1_34' title='bbox 605 660 747 704; x_wconf 89' lang='lat' dir='ltr'>nimis</span> <span class='ocrx_word' id='word_1_35' title='bbox 778 660 1102 718; x_wconf 81' lang='lat' dir='ltr'>frequentent3</span> <span class='ocrx_word' id='word_1_36' title='bbox 1136 662 1217 705; x_wconf 89' lang='lat' dir='ltr'>ubi</span> <span class='ocrx_word' id='word_1_37' title='bbox 1251 661 1492 706; x_wconf 87' lang='lat' dir='ltr'>Societatis</span> <span class='ocrx_word' id='word_1_38' title='bbox 1520 662 1686 706; x_wconf 89' lang='lat' dir='ltr'>domus</span> <span class='ocrx_word' id='word_1_39' title='bbox 1713 667 1798 717; x_wconf 87' lang='lat' dir='ltr'>est,</span> <span class='ocrx_word' id='word_1_40' title='bbox 1828 662 1877 705; x_wconf 90' lang='lat' dir='ltr'>in</span> <span class='ocrx_word' id='word_1_41' title='bbox 1904 675 1957 706; x_wconf 90' lang='lat' dir='ltr'>ea</span> 
     </span>
     <span class='ocr_line' id='line_1_8' title="bbox 254 737 1953 796; baseline 0.002 -17"><span class='ocrx_word' id='word_1_42' title='bbox 254 742 554 793; x_wconf 80' lang='lat' dir='ltr'>pernoctent3</span> <span class='ocrx_word' id='word_1_43' title='bbox 578 737 659 781; x_wconf 89' lang='lat' dir='ltr'>ubi</span> <span class='ocrx_word' id='word_1_44' title='bbox 681 751 774 781; x_wconf 95' lang='lat' dir='ltr'>non</span> <span class='ocrx_word' id='word_1_45' title='bbox 798 742 881 788; x_wconf 84' lang='lat' dir='ltr'>est,</span> <span class='ocrx_word' id='word_1_46' title='bbox 911 738 1033 795; x_wconf 88' lang='lat' dir='ltr'>apud</span> <span class='ocrx_word' id='word_1_47' title='bbox 1057 738 1298 796; x_wconf 77' lang='lat' dir='ltr'>religiosos</span> <span class='ocrx_word' id='word_1_48' title='bbox 1322 744 1402 783; x_wconf 91' lang='lat' dir='ltr'>aut</span> <span class='ocrx_word' id='word_1_49' title='bbox 1427 739 1651 783; x_wconf 90' lang='lat' dir='ltr'>honestos</span> <span class='ocrx_word' id='word_1_50' title='bbox 1673 739 1953 795; x_wconf 77' lang='lat' dir='ltr'>sacerdotes,</span> 
     </span>
    </p>
   </div>
   <div class='ocr_carea' id='block_1_5' title="bbox 256 813 1862 872">
    <p class='ocr_par' dir='ltr' id='par_1_6' title="bbox 256 813 1862 872">
     <span class='ocr_line' id='line_1_9' title="bbox 256 813 1862 872; baseline 0.002 -16"><span class='ocrx_word' id='word_1_51' title='bbox 256 827 342 857; x_wconf 90' lang='lat' dir='ltr'>nec</span> <span class='ocrx_word' id='word_1_52' title='bbox 363 814 463 857; x_wconf 90' lang='lat' dir='ltr'>sine</span> <span class='ocrx_word' id='word_1_53' title='bbox 484 814 627 857; x_wconf 90' lang='lat' dir='ltr'>socio.</span> <span class='ocrx_word' id='word_1_54' title='bbox 650 813 771 872; x_wconf 85' lang='lat' dir='ltr'>(Or.,</span> <span class='ocrx_word' id='word_1_55' title='bbox 798 827 848 858; x_wconf 87' lang='grc' dir='ltr'>Π.</span> <span class='ocrx_word' id='word_1_56' title='bbox 872 840 929 846; x_wconf 83' lang='grc'><strong>-</strong></span> <span class='ocrx_word' id='word_1_57' title='bbox 952 815 1001 859; x_wconf 84' lang='lat' dir='ltr'>C.</span> <span class='ocrx_word' id='word_1_58' title='bbox 1026 815 1100 867; x_wconf 58' lang='lat' dir='ltr'>G„</span> <span class='ocrx_word' id='word_1_59' title='bbox 1126 815 1181 867; x_wconf 77' lang='lat' dir='ltr'>V,</span> <span class='ocrx_word' id='word_1_60' title='bbox 1202 816 1275 872; x_wconf 78' lang='lat'>47,</span> <span class='ocrx_word' id='word_1_61' title='bbox 1296 816 1369 867; x_wconf 80' lang='lat'>48,</span> <span class='ocrx_word' id='word_1_62' title='bbox 1399 816 1472 871; x_wconf 83' lang='lat'>79,</span> <span class='ocrx_word' id='word_1_63' title='bbox 1495 815 1568 860; x_wconf 85' lang='lat'>80.</span> <span class='ocrx_word' id='word_1_64' title='bbox 1591 842 1648 847; x_wconf 96' lang='lat'><strong>—</strong></span> <span class='ocrx_word' id='word_1_65' title='bbox 1669 816 1746 868; x_wconf 76' lang='lat' dir='ltr'>VI,</span> <span class='ocrx_word' id='word_1_66' title='bbox 1770 816 1862 869; x_wconf 75' lang='lat'><strong>21.)</strong></span> 
     </span>
    </p>
   </div>
   <div class='ocr_carea' id='block_1_6' title="bbox 255 926 1956 1037">
    <p class='ocr_par' dir='ltr' id='par_1_7' title="bbox 255 926 1956 1037">
     <span class='ocr_line' id='line_1_10' title="bbox 307 926 1956 979; baseline 0.002 -16"><span class='ocrx_word' id='word_1_67' title='bbox 307 926 320 954; x_wconf 87' lang='lat'>¹</span> <span class='ocrx_word' id='word_1_68' title='bbox 354 929 598 964; x_wconf 87' lang='lat' dir='ltr'>Postulatum</span> <span class='ocrx_word' id='word_1_69' title='bbox 630 940 678 965; x_wconf 90' lang='lat' dir='ltr'>ne</span> <span class='ocrx_word' id='word_1_70' title='bbox 706 929 836 965; x_wconf 83' lang='lat' dir='ltr'>Nostri</span> <span class='ocrx_word' id='word_1_71' title='bbox 867 934 999 966; x_wconf 80' lang='lat' dir='ltr'>essent</span> <span class='ocrx_word' id='word_1_72' title='bbox 1029 932 1259 967; x_wconf 73' lang='lat' dir='ltr'>confessarii</span> <span class='ocrx_word' id='word_1_73' title='bbox 1290 931 1515 977; x_wconf 82' lang='lat' dir='ltr'>Principum</span> <span class='ocrx_word' id='word_1_74' title='bbox 1542 932 1603 967; x_wconf 89' lang='lat' dir='ltr'>vel</span> <span class='ocrx_word' id='word_1_75' title='bbox 1632 935 1877 979; x_wconf 85' lang='lat' dir='ltr'>magnatum,</span> <span class='ocrx_word' id='word_1_76' title='bbox 1907 931 1956 967; x_wconf 92' lang='lat' dir='ltr'>ad</span> 
     </span>
     <span class='ocr_line' id='line_1_11' title="bbox 255 988 1593 1037; baseline 0.002 -14"><span class='ocrx_word' id='word_1_77' title='bbox 255 988 530 1024; x_wconf 82' lang='lat' dir='ltr'>declinandam</span> <span class='ocrx_word' id='word_1_78' title='bbox 551 989 758 1031; x_wconf 89' lang='lat' dir='ltr'>invidiam,</span> <span class='ocrx_word' id='word_1_79' title='bbox 780 1000 859 1025; x_wconf 91' lang='lat' dir='ltr'>non</span> <span class='ocrx_word' id='word_1_80' title='bbox 880 990 954 1025; x_wconf 79' lang='lat' dir='ltr'>fuit</span> <span class='ocrx_word' id='word_1_81' title='bbox 971 991 1189 1026; x_wconf 88' lang='lat' dir='ltr'>admissum</span> <span class='ocrx_word' id='word_1_82' title='bbox 1213 991 1268 1037; x_wconf 83' lang='lat' dir='ltr'>(a.</span> <span class='ocrx_word' id='word_1_83' title='bbox 1294 992 1435 1035; x_wconf 89' lang='lat' dir='ltr'>Lusit.,</span> <span class='ocrx_word' id='word_1_84' title='bbox 1464 990 1593 1037; x_wconf 83' lang='lat'><strong>1581).</strong></span> 
     </span>
    </p>
   </div>
   <div class='ocr_carea' id='block_1_7' title="bbox 253 1061 1959 1770">
    <p class='ocr_par' dir='ltr' id='par_1_8' title="bbox 253 1061 1959 1770">
     <span class='ocr_line' id='line_1_12' title="bbox 306 1061 1956 1118; baseline 0.002 -18"><span class='ocrx_word' id='word_1_85' title='bbox 306 1061 323 1089; x_wconf 60' lang='grc' dir='ltr'>Ξ</span> <span class='ocrx_word' id='word_1_86' title='bbox 352 1066 498 1101; x_wconf 90' lang='lat' dir='ltr'>Pannis</span> <span class='ocrx_word' id='word_1_87' title='bbox 525 1066 826 1111; x_wconf 81' lang='lat' dir='ltr'>pretiosioribus</span> <span class='ocrx_word' id='word_1_88' title='bbox 855 1068 912 1102; x_wconf 93' lang='lat' dir='ltr'>uti</span> <span class='ocrx_word' id='word_1_89' title='bbox 943 1077 1022 1103; x_wconf 91' lang='lat' dir='ltr'>non</span> <span class='ocrx_word' id='word_1_90' title='bbox 1049 1069 1192 1104; x_wconf 87' lang='lat' dir='ltr'>debent</span> <span class='ocrx_word' id='word_1_91' title='bbox 1212 1065 1268 1117; x_wconf 84' lang='lat' dir='ltr'>(a.</span> <span class='ocrx_word' id='word_1_92' title='bbox 1295 1068 1411 1111; x_wconf 89' lang='lat'><strong>1631,</strong></span> <span class='ocrx_word' id='word_1_93' title='bbox 1437 1067 1553 1112; x_wconf 72' lang='lat'><strong>1632,</strong></span> <span class='ocrx_word' id='word_1_94' title='bbox 1577 1068 1696 1118; x_wconf 87' lang='lat'><strong>1646)</strong></span> <span class='ocrx_word' id='word_1_95' title='bbox 1712 1079 1784 1105; x_wconf 85' lang='lat' dir='ltr'>nec</span> <span class='ocrx_word' id='word_1_96' title='bbox 1806 1072 1956 1104; x_wconf 87' lang='lat' dir='ltr'>certum</span> 
     </span>
     <span class='ocr_line' id='line_1_13' title="bbox 256 1119 1957 1174; baseline 0.003 -15"><span class='ocrx_word' id='word_1_97' title='bbox 256 1124 382 1160; x_wconf 88' lang='lat' dir='ltr'>locum</span> <span class='ocrx_word' id='word_1_98' title='bbox 405 1125 444 1160; x_wconf 93' lang='lat' dir='ltr'>in</span> <span class='ocrx_word' id='word_1_99' title='bbox 471 1119 680 1161; x_wconf 73' lang='lat' dir='ltr'>refectorio</span> <span class='ocrx_word' id='word_1_100' title='bbox 703 1125 847 1162; x_wconf 90' lang='lat' dir='ltr'>habere</span> <span class='ocrx_word' id='word_1_101' title='bbox 867 1125 923 1173; x_wconf 83' lang='lat' dir='ltr'>(a.</span> <span class='ocrx_word' id='word_1_102' title='bbox 953 1126 1083 1172; x_wconf 88' lang='lat'><strong>1617).</strong></span> <span class='ocrx_word' id='word_1_103' title='bbox 1116 1127 1271 1163; x_wconf 90' lang='lat' dir='ltr'>Subditi</span> <span class='ocrx_word' id='word_1_104' title='bbox 1302 1128 1383 1163; x_wconf 87' lang='lat' dir='ltr'>sint</span> <span class='ocrx_word' id='word_1_105' title='bbox 1411 1127 1564 1163; x_wconf 87' lang='lat' dir='ltr'>Rectori</span> <span class='ocrx_word' id='word_1_106' title='bbox 1594 1128 1680 1173; x_wconf 87' lang='lat' dir='ltr'>ejus</span> <span class='ocrx_word' id='word_1_107' title='bbox 1707 1129 1795 1172; x_wconf 87' lang='lat' dir='ltr'>loci,</span> <span class='ocrx_word' id='word_1_108' title='bbox 1818 1128 1860 1164; x_wconf 91' lang='lat' dir='ltr'>in</span> <span class='ocrx_word' id='word_1_109' title='bbox 1880 1138 1957 1174; x_wconf 86' lang='lat' dir='ltr'>quo</span> 
     </span>
     <span class='ocr_line' id='line_1_14' title="bbox 255 1185 1958 1235; baseline 0.003 -17"><span class='ocrx_word' id='word_1_110' title='bbox 255 1187 548 1219; x_wconf 79' lang='lat' dir='ltr'>commorantur</span> <span class='ocrx_word' id='word_1_111' title='bbox 576 1186 614 1220; x_wconf 85' lang='lat' dir='ltr'>et</span> <span class='ocrx_word' id='word_1_112' title='bbox 643 1185 877 1221; x_wconf 89' lang='lat' dir='ltr'>Provinciali</span> <span class='ocrx_word' id='word_1_113' title='bbox 908 1186 994 1232; x_wconf 86' lang='lat' dir='ltr'>eJ‘us</span> <span class='ocrx_word' id='word_1_114' title='bbox 1023 1187 1239 1222; x_wconf 84' lang='lat' dir='ltr'>Provinciae</span> <span class='ocrx_word' id='word_1_115' title='bbox 1264 1187 1317 1234; x_wconf 85' lang='lat' dir='ltr'>(a.</span> <span class='ocrx_word' id='word_1_116' title='bbox 1344 1186 1460 1229; x_wconf 77' lang='lat'><strong>1626,</strong></span> <span class='ocrx_word' id='word_1_117' title='bbox 1491 1186 1607 1231; x_wconf 83' lang='lat'><strong>1630,</strong></span> <span class='ocrx_word' id='word_1_118' title='bbox 1633 1187 1766 1235; x_wconf 90' lang='grc'><strong>1631).</strong></span> <span class='ocrx_word' id='word_1_119' title='bbox 1796 1188 1958 1223; x_wconf 88' lang='lat' dir='ltr'>Fercula</span> 
     </span>
     <span class='ocr_line' id='line_1_15' title="bbox 254 1244 1957 1294; baseline 0.003 -16"><span class='ocrx_word' id='word_1_120' title='bbox 254 1244 572 1279; x_wconf 88' lang='lat' dir='ltr'>extraordinaria</span> <span class='ocrx_word' id='word_1_121' title='bbox 601 1244 658 1280; x_wconf 90' lang='lat' dir='ltr'>eis</span> <span class='ocrx_word' id='word_1_122' title='bbox 688 1254 767 1279; x_wconf 94' lang='lat' dir='ltr'>non</span> <span class='ocrx_word' id='word_1_123' title='bbox 799 1248 891 1281; x_wconf 90' lang='lat' dir='ltr'>sunt</span> <span class='ocrx_word' id='word_1_124' title='bbox 924 1247 1157 1292; x_wconf 85' lang='lat' dir='ltr'>apponenda</span> <span class='ocrx_word' id='word_1_125' title='bbox 1177 1244 1234 1294; x_wconf 77' lang='lat' dir='ltr'>(a.</span> <span class='ocrx_word' id='word_1_126' title='bbox 1258 1245 1389 1292; x_wconf 89' lang='lat'><strong>1643).</strong></span> <span class='ocrx_word' id='word_1_127' title='bbox 1415 1246 1454 1282; x_wconf 90' lang='lat' dir='ltr'>Si</span> <span class='ocrx_word' id='word_1_128' title='bbox 1483 1246 1551 1292; x_wconf 88' lang='lat' dir='ltr'>qui</span> <span class='ocrx_word' id='word_1_129' title='bbox 1578 1257 1669 1282; x_wconf 79' lang='lat' dir='ltr'>vero</span> <span class='ocrx_word' id='word_1_130' title='bbox 1695 1248 1745 1283; x_wconf 90' lang='lat' dir='ltr'>ad</span> <span class='ocrx_word' id='word_1_131' title='bbox 1773 1247 1880 1293; x_wconf 89' lang='lat' dir='ltr'>ipsos</span> <span class='ocrx_word' id='word_1_132' title='bbox 1910 1257 1957 1283; x_wconf 85' lang='lat' dir='ltr'>ex</span> 
     </span>
     <span class='ocr_line' id='line_1_16' title="bbox 253 1302 1958 1352; baseline 0.003 -15"><span class='ocrx_word' id='word_1_133' title='bbox 253 1302 342 1338; x_wconf 88' lang='lat' dir='ltr'>aula</span> <span class='ocrx_word' id='word_1_134' title='bbox 360 1303 569 1338; x_wconf 78' lang='lat' dir='ltr'>mittantur</span> <span class='ocrx_word' id='word_1_135' title='bbox 584 1304 675 1346; x_wconf 86' lang='lat' dir='ltr'>cibi,</span> <span class='ocrx_word' id='word_1_136' title='bbox 694 1314 759 1339; x_wconf 90' lang='lat' dir='ltr'>eos</span> <span class='ocrx_word' id='word_1_137' title='bbox 775 1305 1014 1342; x_wconf 86' lang='lat' dir='ltr'>distribuere</span> <span class='ocrx_word' id='word_1_138' title='bbox 1032 1306 1072 1341; x_wconf 91' lang='lat' dir='ltr'>in</span> <span class='ocrx_word' id='word_1_139' title='bbox 1091 1306 1295 1342; x_wconf 78' lang='lat' dir='ltr'>refectorio</span> <span class='ocrx_word' id='word_1_140' title='bbox 1312 1316 1390 1342; x_wconf 92' lang='lat' dir='ltr'>non</span> <span class='ocrx_word' id='word_1_141' title='bbox 1413 1306 1569 1349; x_wconf 86' lang='lat' dir='ltr'>debent,</span> <span class='ocrx_word' id='word_1_142' title='bbox 1591 1307 1658 1342; x_wconf 91' lang='lat' dir='ltr'>sed</span> <span class='ocrx_word' id='word_1_143' title='bbox 1682 1307 1809 1352; x_wconf 89' lang='lat' dir='ltr'>portio</span> <span class='ocrx_word' id='word_1_144' title='bbox 1835 1307 1958 1352; x_wconf 86' lang='lat' dir='ltr'>maju-</span> 
     </span>
     <span class='ocr_line' id='line_1_17' title="bbox 255 1362 1957 1414; baseline 0.003 -18"><span class='ocrx_word' id='word_1_145' title='bbox 255 1362 363 1397; x_wconf 86' lang='lat' dir='ltr'>scula</span> <span class='ocrx_word' id='word_1_146' title='bbox 383 1362 439 1397; x_wconf 91' lang='lat' dir='ltr'>eis</span> <span class='ocrx_word' id='word_1_147' title='bbox 461 1363 605 1406; x_wconf 84' lang='lat' dir='ltr'>danda,</span> <span class='ocrx_word' id='word_1_148' title='bbox 630 1366 769 1399; x_wconf 86' lang='lat' dir='ltr'>caetera</span> <span class='ocrx_word' id='word_1_149' title='bbox 799 1366 1072 1401; x_wconf 81' lang='lat' dir='ltr'>communitati</span> <span class='ocrx_word' id='word_1_150' title='bbox 1094 1366 1369 1402; x_wconf 85' lang='lat' dir='ltr'>distribuenda</span> <span class='ocrx_word' id='word_1_151' title='bbox 1393 1362 1442 1414; x_wconf 81' lang='lat' dir='ltr'>(a.</span> <span class='ocrx_word' id='word_1_152' title='bbox 1471 1365 1586 1409; x_wconf 89' lang='lat'><strong>1640,</strong></span> <span class='ocrx_word' id='word_1_153' title='bbox 1611 1366 1740 1412; x_wconf 84' lang='grc'><strong>1649),</strong></span> <span class='ocrx_word' id='word_1_154' title='bbox 1762 1369 1798 1402; x_wconf 92' lang='lat' dir='ltr'>et</span> <span class='ocrx_word' id='word_1_155' title='bbox 1816 1366 1957 1402; x_wconf 91' lang='lat' dir='ltr'>melius</span> 
     </span>
     <span class='ocr_line' id='line_1_18' title="bbox 254 1422 1959 1473; baseline 0.003 -17"><span class='ocrx_word' id='word_1_156' title='bbox 254 1425 357 1457; x_wconf 87' lang='lat' dir='ltr'>esset</span> <span class='ocrx_word' id='word_1_157' title='bbox 383 1423 603 1467; x_wconf 82' lang='lat' dir='ltr'>sportulam</span> <span class='ocrx_word' id='word_1_158' title='bbox 634 1433 681 1458; x_wconf 83' lang='lat' dir='ltr'>ex</span> <span class='ocrx_word' id='word_1_159' title='bbox 702 1424 793 1459; x_wconf 92' lang='lat' dir='ltr'>aula</span> <span class='ocrx_word' id='word_1_160' title='bbox 825 1425 985 1459; x_wconf 91' lang='lat' dir='ltr'>omnino</span> <span class='ocrx_word' id='word_1_161' title='bbox 1014 1435 1092 1460; x_wconf 93' lang='lat' dir='ltr'>non</span> <span class='ocrx_word' id='word_1_162' title='bbox 1122 1426 1279 1461; x_wconf 79' lang='lat' dir='ltr'>admitti</span> <span class='ocrx_word' id='word_1_163' title='bbox 1300 1422 1356 1473; x_wconf 83' lang='lat' dir='ltr'>(a.</span> <span class='ocrx_word' id='word_1_164' title='bbox 1384 1425 1514 1471; x_wconf 86' lang='lat'><strong>1647).</strong></span> <span class='ocrx_word' id='word_1_165' title='bbox 1543 1425 1626 1461; x_wconf 91' lang='lat' dir='ltr'>Non</span> <span class='ocrx_word' id='word_1_166' title='bbox 1653 1426 1795 1461; x_wconf 89' lang='lat' dir='ltr'>debent</span> <span class='ocrx_word' id='word_1_167' title='bbox 1814 1426 1959 1461; x_wconf 89' lang='lat' dir='ltr'>habere</span> 
     </span>
     <span class='ocr_line' id='line_1_19' title="bbox 256 1477 1958 1533; baseline 0.003 -18"><span class='ocrx_word' id='word_1_168' title='bbox 256 1477 444 1517; x_wconf 80' lang='lat' dir='ltr'>famulum</span> <span class='ocrx_word' id='word_1_169' title='bbox 478 1482 721 1524; x_wconf 80' lang='lat' dir='ltr'>saeculareni,</span> <span class='ocrx_word' id='word_1_170' title='bbox 743 1484 942 1527; x_wconf 88' lang='lat' dir='ltr'>catellum,</span> <span class='ocrx_word' id='word_1_171' title='bbox 966 1486 1092 1528; x_wconf 86' lang='lat' dir='ltr'>ete...,</span> <span class='ocrx_word' id='word_1_172' title='bbox 1126 1481 1182 1533; x_wconf 82' lang='lat' dir='ltr'>(a.</span> <span class='ocrx_word' id='word_1_173' title='bbox 1210 1485 1325 1528; x_wconf 88' lang='lat'><strong>1640,</strong></span> <span class='ocrx_word' id='word_1_174' title='bbox 1353 1483 1494 1531; x_wconf 86' lang='lat'><strong>1649);</strong></span> <span class='ocrx_word' id='word_1_175' title='bbox 1518 1485 1610 1529; x_wconf 91' lang='lat' dir='ltr'>imo,</span> <span class='ocrx_word' id='word_1_176' title='bbox 1644 1485 1677 1520; x_wconf 91' lang='lat' dir='ltr'>si</span> <span class='ocrx_word' id='word_1_177' title='bbox 1707 1485 1958 1520; x_wconf 84' lang='lat' dir='ltr'>mitterentur</span> 
     </span>
     <span class='ocr_line' id='line_1_20' title="bbox 255 1540 1956 1589; baseline 0.003 -14"><span class='ocrx_word' id='word_1_178' title='bbox 255 1551 301 1575; x_wconf 86' lang='lat' dir='ltr'>ex</span> <span class='ocrx_word' id='word_1_179' title='bbox 323 1540 413 1576; x_wconf 86' lang='lat' dir='ltr'>aula</span> <span class='ocrx_word' id='word_1_180' title='bbox 443 1541 616 1577; x_wconf 80' lang='lat' dir='ltr'>candelae</span> <span class='ocrx_word' id='word_1_181' title='bbox 643 1552 777 1586; x_wconf 80' lang='lat' dir='ltr'>cereae,</span> <span class='ocrx_word' id='word_1_182' title='bbox 802 1553 879 1578; x_wconf 92' lang='lat' dir='ltr'>non</span> <span class='ocrx_word' id='word_1_183' title='bbox 902 1545 1204 1589; x_wconf 81' lang='lat' dir='ltr'>permittebatur</span> <span class='ocrx_word' id='word_1_184' title='bbox 1224 1555 1288 1580; x_wconf 90' lang='lat' dir='ltr'>eos</span> <span class='ocrx_word' id='word_1_185' title='bbox 1310 1544 1371 1579; x_wconf 91' lang='lat' dir='ltr'>his</span> <span class='ocrx_word' id='word_1_186' title='bbox 1390 1545 1447 1579; x_wconf 94' lang='lat' dir='ltr'>uti</span> <span class='ocrx_word' id='word_1_187' title='bbox 1466 1545 1506 1579; x_wconf 90' lang='lat' dir='ltr'>in</span> <span class='ocrx_word' id='word_1_188' title='bbox 1529 1544 1734 1587; x_wconf 83' lang='lat' dir='ltr'>cubiculis,</span> <span class='ocrx_word' id='word_1_189' title='bbox 1756 1545 1823 1580; x_wconf 89' lang='lat' dir='ltr'>sed</span> <span class='ocrx_word' id='word_1_190' title='bbox 1845 1545 1956 1580; x_wconf 90' lang='lat' dir='ltr'>ceba-</span> 
     </span>
     <span class='ocr_line' id='line_1_21' title="bbox 255 1599 1956 1652; baseline 0.002 -18"><span class='ocrx_word' id='word_1_191' title='bbox 255 1599 332 1634; x_wconf 91' lang='lat' dir='ltr'>ceis</span> <span class='ocrx_word' id='word_1_192' title='bbox 354 1599 453 1635; x_wconf 89' lang='lat' dir='ltr'>sicut</span> <span class='ocrx_word' id='word_1_193' title='bbox 474 1600 565 1641; x_wconf 83' lang='lat' dir='ltr'>alii:</span> <span class='ocrx_word' id='word_1_194' title='bbox 590 1611 710 1637; x_wconf 84' lang='lat' dir='ltr'>cereae</span> <span class='ocrx_word' id='word_1_195' title='bbox 740 1612 831 1638; x_wconf 92' lang='lat' dir='ltr'>vero</span> <span class='ocrx_word' id='word_1_196' title='bbox 860 1603 1050 1639; x_wconf 84' lang='lat' dir='ltr'>cedebant</span> <span class='ocrx_word' id='word_1_197' title='bbox 1077 1604 1117 1638; x_wconf 93' lang='lat' dir='ltr'>in</span> <span class='ocrx_word' id='word_1_198' title='bbox 1149 1614 1264 1640; x_wconf 91' lang='lat' dir='ltr'>usum</span> <span class='ocrx_word' id='word_1_199' title='bbox 1292 1604 1465 1639; x_wconf 75' lang='lat' dir='ltr'>ecclesiae</span> <span class='ocrx_word' id='word_1_200' title='bbox 1485 1603 1540 1650; x_wconf 85' lang='lat' dir='ltr'>(a.</span> <span class='ocrx_word' id='word_1_201' title='bbox 1573 1603 1706 1652; x_wconf 80' lang='lat'><strong>1649).</strong></span> <span class='ocrx_word' id='word_1_202' title='bbox 1736 1604 1804 1639; x_wconf 91' lang='lat' dir='ltr'>His</span> <span class='ocrx_word' id='word_1_203' title='bbox 1826 1607 1956 1639; x_wconf 89' lang='lat' dir='ltr'>tamen</span> 
     </span>
     <span class='ocr_line' id='line_1_22' title="bbox 255 1661 1953 1710; baseline 0.003 -16"><span class='ocrx_word' id='word_1_204' title='bbox 255 1669 483 1695; x_wconf 88' lang='lat' dir='ltr'>concessum</span> <span class='ocrx_word' id='word_1_205' title='bbox 517 1663 576 1696; x_wconf 87' lang='lat' dir='ltr'>est</span> <span class='ocrx_word' id='word_1_206' title='bbox 609 1661 860 1707; x_wconf 85' lang='lat' dir='ltr'>privilegium</span> <span class='ocrx_word' id='word_1_207' title='bbox 894 1663 1031 1705; x_wconf 91' lang='lat' dir='ltr'>clavis,</span> <span class='ocrx_word' id='word_1_208' title='bbox 1066 1664 1201 1710; x_wconf 86' lang='lat' dir='ltr'>sigilli,</span> <span class='ocrx_word' id='word_1_209' title='bbox 1238 1663 1435 1699; x_wconf 88' lang='lat' dir='ltr'>scribendi</span> <span class='ocrx_word' id='word_1_210' title='bbox 1469 1666 1506 1699; x_wconf 89' lang='lat' dir='ltr'>et</span> <span class='ocrx_word' id='word_1_211' title='bbox 1539 1663 1755 1709; x_wconf 85' lang='lat' dir='ltr'>accipiendi</span> <span class='ocrx_word' id='word_1_212' title='bbox 1785 1663 1953 1705; x_wconf 79' lang='lat' dir='ltr'>litteras,</span> 
     </span>
     <span class='ocr_line' id='line_1_23' title="bbox 255 1718 1765 1770; baseline 0.004 -17"><span class='ocrx_word' id='word_1_213' title='bbox 255 1718 424 1755; x_wconf 88' lang='lat' dir='ltr'>habendi</span> <span class='ocrx_word' id='word_1_214' title='bbox 444 1719 596 1765; x_wconf 88' lang='lat' dir='ltr'>aliquid</span> <span class='ocrx_word' id='word_1_215' title='bbox 617 1721 792 1766; x_wconf 72' lang='lat' dir='ltr'>pecuniae</span> <span class='ocrx_word' id='word_1_216' title='bbox 812 1722 861 1757; x_wconf 90' lang='lat' dir='ltr'>ad</span> <span class='ocrx_word' id='word_1_217' title='bbox 882 1722 1152 1769; x_wconf 74' lang='lat' dir='ltr'>eleemosynas</span> <span class='ocrx_word' id='word_1_218' title='bbox 1173 1726 1209 1759; x_wconf 92' lang='lat' dir='ltr'>et</span> <span class='ocrx_word' id='word_1_219' title='bbox 1230 1723 1400 1759; x_wconf 87' lang='lat' dir='ltr'>exeundi</span> <span class='ocrx_word' id='word_1_220' title='bbox 1418 1723 1532 1759; x_wconf 88' lang='lat' dir='ltr'>domo</span> <span class='ocrx_word' id='word_1_221' title='bbox 1552 1722 1608 1770; x_wconf 85' lang='lat' dir='ltr'>(a.</span> <span class='ocrx_word' id='word_1_222' title='bbox 1636 1722 1765 1769; x_wconf 86' lang='lat'><strong>1665).</strong></span> 
     </span>
    </p>
   </div>
   <div class='ocr_carea' id='block_1_8' title="bbox 967 1949 1241 1984">
    <p class='ocr_par' dir='ltr' id='par_1_9' title="bbox 967 1949 1241 1984">
     <span class='ocr_line' id='line_1_24' title="bbox 967 1949 1241 1984; baseline -0.004 0"><span class='ocrx_word' id='word_1_223' title='bbox 967 1949 1241 1984; x_wconf 89' lang='lat' dir='ltr'>SCHOLION</span> 
     </span>
    </p>
   </div>
   <div class='ocr_carea' id='block_1_9' title="bbox 661 2100 1554 2130">
    <p class='ocr_par' dir='ltr' id='par_1_10' title="bbox 661 2100 1554 2130">
     <span class='ocr_line' id='line_1_25' title="bbox 661 2100 1554 2130; baseline 0.002 -2"><span class='ocrx_word' id='word_1_224' title='bbox 661 2100 718 2129; x_wconf 90' lang='lat' dir='ltr'>DE</span> <span class='ocrx_word' id='word_1_225' title='bbox 747 2100 1096 2130; x_wconf 83' lang='lat' dir='ltr'>APPROBATIONE</span> <span class='ocrx_word' id='word_1_226' title='bbox 1127 2102 1181 2130; x_wconf 88' lang='lat' dir='ltr'>ET</span> <span class='ocrx_word' id='word_1_227' title='bbox 1210 2101 1554 2130; x_wconf 83' lang='lat' dir='ltr'>JURISDICTIONE</span> 
     </span>
    </p>
   </div>
   <div class='ocr_carea' id='block_1_10' title="bbox 254 2273 1955 3027">
    <p class='ocr_par' dir='ltr' id='par_1_11' title="bbox 254 2273 1955 3027">
     <span class='ocr_line' id='line_1_26' title="bbox 312 2273 1953 2332; baseline 0.001 -15"><span class='ocrx_word' id='word_1_228' title='bbox 312 2273 710 2331; x_wconf 83' lang='lat' dir='ltr'>Approbationem</span> <span class='ocrx_word' id='word_1_229' title='bbox 742 2288 847 2332; x_wconf 81' lang='lat' dir='ltr'>quae</span> <span class='ocrx_word' id='word_1_230' title='bbox 874 2274 931 2318; x_wconf 90' lang='lat' dir='ltr'>ad</span> <span class='ocrx_word' id='word_1_231' title='bbox 962 2275 1156 2319; x_wconf 83' lang='lat' dir='ltr'>validam</span> <span class='ocrx_word' id='word_1_232' title='bbox 1191 2276 1472 2319; x_wconf 75' lang='lat' dir='ltr'>sacramenti</span> <span class='ocrx_word' id='word_1_233' title='bbox 1501 2275 1953 2319; x_wconf 81' lang='lat' dir='ltr'>administrationem</span> 
     </span>
     <span class='ocr_line' id='line_1_27' title="bbox 254 2350 1953 2410; baseline 0.002 -18"><span class='ocrx_word' id='word_1_234' title='bbox 254 2350 526 2408; x_wconf 84' lang='lat' dir='ltr'>requiritur,</span> <span class='ocrx_word' id='word_1_235' title='bbox 563 2351 821 2409; x_wconf 88' lang='lat' dir='ltr'>Episcopus</span> <span class='ocrx_word' id='word_1_236' title='bbox 854 2352 1052 2396; x_wconf 85' lang='lat' dir='ltr'>limitare</span> <span class='ocrx_word' id='word_1_237' title='bbox 1088 2358 1239 2410; x_wconf 87' lang='lat' dir='ltr'>potest</span> <span class='ocrx_word' id='word_1_238' title='bbox 1266 2353 1416 2410; x_wconf 82' lang='lat' dir='ltr'>quoad</span> <span class='ocrx_word' id='word_1_239' title='bbox 1450 2352 1715 2396; x_wconf 83' lang='lat' dir='ltr'>sacerdotes</span> <span class='ocrx_word' id='word_1_240' title='bbox 1744 2353 1823 2410; x_wconf 85' lang='lat' dir='ltr'>qui</span> <span class='ocrx_word' id='word_1_241' title='bbox 1860 2365 1953 2396; x_wconf 94' lang='lat' dir='ltr'>non</span> 
     </span>
     <span class='ocr_line' id='line_1_28' title="bbox 254 2428 1953 2487; baseline 0.002 -17"><span class='ocrx_word' id='word_1_242' title='bbox 254 2433 506 2471; x_wconf 86' lang='lat' dir='ltr'>censentur</span> <span class='ocrx_word' id='word_1_243' title='bbox 538 2428 695 2472; x_wconf 90' lang='lat' dir='ltr'>idonei</span> <span class='ocrx_word' id='word_1_244' title='bbox 729 2429 785 2472; x_wconf 87' lang='lat' dir='ltr'>ad</span> <span class='ocrx_word' id='word_1_245' title='bbox 828 2429 1059 2487; x_wconf 82' lang='lat' dir='ltr'>quaslibet</span> <span class='ocrx_word' id='word_1_246' title='bbox 1091 2430 1409 2473; x_wconf 83' lang='lat' dir='ltr'>consessiones</span> <span class='ocrx_word' id='word_1_247' title='bbox 1448 2430 1721 2473; x_wconf 88' lang='lat' dir='ltr'>audiendas.</span> <span class='ocrx_word' id='word_1_248' title='bbox 1761 2430 1849 2482; x_wconf 83' lang='lat' dir='ltr'>Qui</span> <span class='ocrx_word' id='word_1_249' title='bbox 1889 2430 1953 2473; x_wconf 91' lang='lat' dir='ltr'>sic</span> 
     </span>
     <span class='ocr_line' id='line_1_29' title="bbox 255 2504 1952 2564; baseline 0.002 -17"><span class='ocrx_word' id='word_1_250' title='bbox 255 2504 499 2562; x_wconf 86' lang='lat' dir='ltr'>approbati</span> <span class='ocrx_word' id='word_1_251' title='bbox 525 2505 715 2557; x_wconf 86' lang='lat' dir='ltr'>fuerint,</span> <span class='ocrx_word' id='word_1_252' title='bbox 741 2520 857 2550; x_wconf 87' lang='lat' dir='ltr'>novo</span> <span class='ocrx_word' id='word_1_253' title='bbox 886 2507 1087 2549; x_wconf 81' lang='lat' dir='ltr'>examini</span> <span class='ocrx_word' id='word_1_254' title='bbox 1116 2507 1283 2564; x_wconf 87' lang='lat' dir='ltr'>subjici</span> <span class='ocrx_word' id='word_1_255' title='bbox 1312 2512 1507 2564; x_wconf 85' lang='lat' dir='ltr'>possunt</span> <span class='ocrx_word' id='word_1_256' title='bbox 1528 2511 1572 2550; x_wconf 91' lang='lat' dir='ltr'>et</span> <span class='ocrx_word' id='word_1_257' title='bbox 1593 2507 1659 2550; x_wconf 86' lang='lat' dir='ltr'>eis</span> <span class='ocrx_word' id='word_1_258' title='bbox 1683 2507 1952 2563; x_wconf 84' lang='lat' dir='ltr'>approbatio</span> 
     </span>
     <span class='ocr_line' id='line_1_30' title="bbox 255 2582 1954 2642; baseline 0.001 -17"><span class='ocrx_word' id='word_1_259' title='bbox 255 2582 412 2626; x_wconf 82' lang='lat' dir='ltr'>adimi.</span> <span class='ocrx_word' id='word_1_260' title='bbox 454 2582 542 2635; x_wconf 86' lang='lat' dir='ltr'>Qui</span> <span class='ocrx_word' id='word_1_261' title='bbox 590 2597 697 2627; x_wconf 73' lang='lat' dir='ltr'>vero</span> <span class='ocrx_word' id='word_1_262' title='bbox 737 2584 993 2642; x_wconf 79' lang='lat' dir='ltr'>generatim</span> <span class='ocrx_word' id='word_1_263' title='bbox 1043 2584 1197 2627; x_wconf 85' lang='lat' dir='ltr'>idonei</span> <span class='ocrx_word' id='word_1_264' title='bbox 1239 2590 1363 2639; x_wconf 85' lang='lat' dir='ltr'>sunt,</span> <span class='ocrx_word' id='word_1_265' title='bbox 1409 2585 1666 2642; x_wconf 79' lang='lat' dir='ltr'>generatim</span> <span class='ocrx_word' id='word_1_266' title='bbox 1706 2584 1954 2641; x_wconf 84' lang='lat' dir='ltr'>approbari</span> 
     </span>
     <span class='ocr_line' id='line_1_31' title="bbox 256 2659 1954 2719; baseline 0.001 -18"><span class='ocrx_word' id='word_1_267' title='bbox 256 2659 429 2703; x_wconf 78' lang='lat' dir='ltr'>debent</span> <span class='ocrx_word' id='word_1_268' title='bbox 463 2665 508 2704; x_wconf 89' lang='lat' dir='ltr'>et</span> <span class='ocrx_word' id='word_1_269' title='bbox 536 2660 781 2712; x_wconf 79' lang='lat' dir='ltr'>illimitate,</span> <span class='ocrx_word' id='word_1_270' title='bbox 818 2666 863 2704; x_wconf 88' lang='lat' dir='ltr'>et</span> <span class='ocrx_word' id='word_1_271' title='bbox 894 2661 1200 2719; x_wconf 85' lang='lat' dir='ltr'>probabiliter</span> <span class='ocrx_word' id='word_1_272' title='bbox 1226 2666 1422 2718; x_wconf 88' lang='lat' dir='ltr'>possunt</span> <span class='ocrx_word' id='word_1_273' title='bbox 1454 2675 1642 2718; x_wconf 89' lang='lat' dir='ltr'>semper</span> <span class='ocrx_word' id='word_1_274' title='bbox 1664 2661 1954 2718; x_wconf 68' lang='lat' dir='ltr'>praetendere</span> 
     </span>
     <span class='ocr_line' id='line_1_32' title="bbox 258 2736 1955 2796; baseline 0.001 -18"><span class='ocrx_word' id='word_1_275' title='bbox 258 2736 312 2779; x_wconf 80' lang='lat' dir='ltr'>ad</span> <span class='ocrx_word' id='word_1_276' title='bbox 335 2736 461 2780; x_wconf 91' lang='lat' dir='ltr'>illam</span> <span class='ocrx_word' id='word_1_277' title='bbox 490 2737 771 2781; x_wconf 83' lang='lat' dir='ltr'>illimitatam</span> <span class='ocrx_word' id='word_1_278' title='bbox 793 2744 1068 2796; x_wconf 84' lang='lat' dir='ltr'>potestatem</span> <span class='ocrx_word' id='word_1_279' title='bbox 1092 2738 1254 2782; x_wconf 86' lang='lat' dir='ltr'>saltem</span> <span class='ocrx_word' id='word_1_280' title='bbox 1278 2753 1362 2796; x_wconf 84' lang='lat' dir='ltr'>per</span> <span class='ocrx_word' id='word_1_281' title='bbox 1382 2752 1594 2795; x_wconf 74' lang='lat' dir='ltr'>examen,</span> <span class='ocrx_word' id='word_1_282' title='bbox 1619 2738 1707 2781; x_wconf 91' lang='lat' dir='ltr'>nisi</span> <span class='ocrx_word' id='word_1_283' title='bbox 1729 2738 1955 2795; x_wconf 87' lang='lat' dir='ltr'>probetur</span> 
     </span>
     <span class='ocr_line' id='line_1_33' title="bbox 255 2814 1952 2873; baseline 0.001 -18"><span class='ocrx_word' id='word_1_284' title='bbox 255 2814 486 2857; x_wconf 86' lang='lat' dir='ltr'>contraria</span> <span class='ocrx_word' id='word_1_285' title='bbox 517 2815 825 2859; x_wconf 83' lang='lat' dir='ltr'>consuetudo.</span> <span class='ocrx_word' id='word_1_286' title='bbox 859 2815 948 2867; x_wconf 88' lang='lat' dir='ltr'>Qui</span> <span class='ocrx_word' id='word_1_287' title='bbox 971 2829 1079 2858; x_wconf 73' lang='lat' dir='ltr'>xero</span> <span class='ocrx_word' id='word_1_288' title='bbox 1113 2816 1288 2873; x_wconf 62' lang='lat' dir='ltr'>alisque</span> <span class='ocrx_word' id='word_1_289' title='bbox 1318 2816 1591 2860; x_wconf 86' lang='lat' dir='ltr'>limitatione</span> <span class='ocrx_word' id='word_1_290' title='bbox 1625 2821 1728 2872; x_wconf 83' lang='lat' dir='ltr'>post</span> <span class='ocrx_word' id='word_1_291' title='bbox 1759 2828 1952 2858; x_wconf 81' lang='lat' dir='ltr'>examen</span> 
     </span>
     <span class='ocr_line' id='line_1_34' title="bbox 256 2890 1952 2950; baseline 0.001 -18"><span class='ocrx_word' id='word_1_292' title='bbox 256 2890 430 2934; x_wconf 85' lang='lat' dir='ltr'>fuerint</span> <span class='ocrx_word' id='word_1_293' title='bbox 449 2892 707 2948; x_wconf 80' lang='lat' dir='ltr'>approbati,</span> <span class='ocrx_word' id='word_1_294' title='bbox 730 2906 817 2936; x_wconf 83' lang='lat' dir='ltr'>nec</span> <span class='ocrx_word' id='word_1_295' title='bbox 836 2892 1061 2950; x_wconf 86' lang='lat' dir='ltr'>suspendi</span> <span class='ocrx_word' id='word_1_296' title='bbox 1083 2907 1167 2936; x_wconf 89' lang='lat' dir='ltr'>nec</span> <span class='ocrx_word' id='word_1_297' title='bbox 1191 2893 1327 2936; x_wconf 87' lang='lat' dir='ltr'>etiam</span> <span class='ocrx_word' id='word_1_298' title='bbox 1351 2892 1657 2950; x_wconf 88' lang='lat' dir='ltr'>probabiliter</span> <span class='ocrx_word' id='word_1_299' title='bbox 1676 2891 1824 2935; x_wconf 81' lang='lat' dir='ltr'>valide</span> <span class='ocrx_word' id='word_1_300' title='bbox 1846 2905 1952 2935; x_wconf 89' lang='lat' dir='ltr'>exa-</span> 
     </span>
     <span class='ocr_line' id='line_1_35' title="bbox 258 2966 1952 3027; baseline 0.001 -18"><span class='ocrx_word' id='word_1_301' title='bbox 258 2966 422 3009; x_wconf 87' lang='lat' dir='ltr'>minari</span> <span class='ocrx_word' id='word_1_302' title='bbox 447 2967 602 3011; x_wconf 91' lang='lat' dir='ltr'>denuo</span> <span class='ocrx_word' id='word_1_303' title='bbox 630 2969 687 3013; x_wconf 84' lang='lat' dir='ltr'>ab</span> <span class='ocrx_word' id='word_1_304' title='bbox 716 2969 879 3012; x_wconf 92' lang='lat' dir='ltr'>eodem</span> <span class='ocrx_word' id='word_1_305' title='bbox 908 2969 1136 3026; x_wconf 81' lang='lat' dir='ltr'>Episcopo</span> <span class='ocrx_word' id='word_1_306' title='bbox 1158 2975 1371 3027; x_wconf 77' lang='lat' dir='ltr'>possunt,</span> <span class='ocrx_word' id='word_1_307' title='bbox 1401 2970 1489 3012; x_wconf 87' lang='lat' dir='ltr'>nisi</span> <span class='ocrx_word' id='word_1_308' title='bbox 1512 2983 1566 3012; x_wconf 90' lang='lat' dir='ltr'>ex</span> <span class='ocrx_word' id='word_1_309' title='bbox 1594 2969 1952 3027; x_wconf 76' lang='lat' dir='ltr'>superveniente</span> 
     </span>
    </p>
   </div>
   <div class='ocr_carea' id='block_1_11' title="bbox 2075 899 2081 1695">
    <p class='ocr_par' dir='ltr' id='par_1_12' title="bbox 2075 899 2081 1695">
     <span class='ocr_line' id='line_1_36' title="bbox 2075 899 2081 1695; baseline 0 0"><span class='ocrx_word' id='word_1_310' title='bbox 2075 899 2081 1695; x_wconf 95' lang='lat' dir='ltr'> </span> 
     </span>
    </p>
   </div>
   <div class='ocr_carea' id='block_1_12' title="bbox 2062 1907 2065 2475">
    <p class='ocr_par' dir='ltr' id='par_1_13' title="bbox 2062 1907 2065 2475">
     <span class='ocr_line' id='line_1_37' title="bbox 2062 1907 2065 2475; baseline 0 0"><span class='ocrx_word' id='word_1_311' title='bbox 2062 1907 2065 2475; x_wconf 95' lang='lat' dir='ltr'> </span> 
     </span>
    </p>
   </div>
   <div class='ocr_carea' id='block_1_13' title="bbox 2090 2204 2095 2707">
    <p class='ocr_par' dir='ltr' id='par_1_14' title="bbox 2090 2204 2095 2707">
     <span class='ocr_line' id='line_1_38' title="bbox 2090 2204 2095 2707; baseline 0 0"><span class='ocrx_word' id='word_1_312' title='bbox 2090 2204 2095 2707; x_wconf 95' lang='lat' dir='ltr'> </span> 
     </span>
    </p>
   </div>
   <div class='ocr_carea' id='block_1_14' title="bbox 2095 2296 2104 2870">
    <p class='ocr_par' dir='ltr' id='par_1_15' title="bbox 2095 2296 2104 2870">
     <span class='ocr_line' id='line_1_39' title="bbox 2095 2296 2104 2870; baseline 0 0"><span class='ocrx_word' id='word_1_313' title='bbox 2095 2296 2104 2870; x_wconf 95' lang='lat' dir='ltr'> </span> 
     </span>
    </p>
   </div>
   <div class='ocr_carea' id='block_1_15' title="bbox 1990 0 2145 3366">
    <p class='ocr_par' dir='ltr' id='par_1_16' title="bbox 1990 0 2145 3366">
     <span class='ocr_line' id='line_1_40' title="bbox 1990 0 2145 3366; baseline 0 0"><span class='ocrx_word' id='word_1_314' title='bbox 1990 0 2145 3366; x_wconf 95' lang='lat' dir='ltr'> </span> 
     </span>
    </p>
   </div>
  </div>
 </body>
</html>
