<?xml version="1.0" encoding="UTF-8"?>
<!DOCTYPE html PUBLIC "-//W3C//DTD XHTML 1.0 Transitional//EN"
    "http://www.w3.org/TR/xhtml1/DTD/xhtml1-transitional.dtd">
<html xmlns="http://www.w3.org/1999/xhtml" xml:lang="en" lang="en">
 <head>
  <title>
</title>
<meta http-equiv="Content-Type" content="text/html;charset=utf-8" />
  <meta name='ocr-system' content='tesseract 3.04.00' />
  <meta name='ocr-capabilities' content='ocr_page ocr_carea ocr_par ocr_line ocrx_word'/>
</head>
<body>
  <div class='ocr_page' id='page_1' title='image "./compendiuminstit00rami_0112.png"; bbox 0 0 2145 3366; ppageno 0'>
   <div class='ocr_carea' id='block_1_1' title="bbox 95 1164 146 1191">
    <p class='ocr_par' dir='ltr' id='par_1_1' title="bbox 95 1164 146 1191">
     <span class='ocr_line' id='line_1_1' title="bbox 95 1164 146 1191; baseline 0 0"><span class='ocrx_word' id='word_1_1' title='bbox 95 1164 146 1191; x_wconf 80' lang='grc'>100</span> 
     </span>
    </p>
   </div>
   <div class='ocr_carea' id='block_1_2' title="bbox 200 268 1228 308">
    <p class='ocr_par' dir='ltr' id='par_1_2' title="bbox 200 268 1228 308">
     <span class='ocr_line' id='line_1_2' title="bbox 200 268 1228 308; baseline 0 -1"><span class='ocrx_word' id='word_1_2' title='bbox 200 268 277 307; x_wconf 75' lang='grc'>’106</span> <span class='ocrx_word' id='word_1_3' title='bbox 878 281 988 308; x_wconf 56' lang='lat' dir='ltr'>inxns</span> <span class='ocrx_word' id='word_1_4' title='bbox 1021 280 1228 308; x_wconf 59' lang='lat' dir='ltr'>snnran</span> 
     </span>
    </p>
   </div>
   <div class='ocr_carea' id='block_1_3' title="bbox 200 456 1906 1054">
    <p class='ocr_par' dir='ltr' id='par_1_3' title="bbox 200 456 1902 590">
     <span class='ocr_line' id='line_1_3' title="bbox 200 456 1902 516; baseline 0.002 -17"><span class='ocrx_word' id='word_1_5' title='bbox 200 456 358 500; x_wconf 90' lang='lat' dir='ltr'>ederet</span> <span class='ocrx_word' id='word_1_6' title='bbox 379 462 527 501; x_wconf 91' lang='lat' dir='ltr'>antea.</span> <span class='ocrx_word' id='word_1_7' title='bbox 554 458 657 502; x_wconf 80' lang='lat' dir='ltr'>Non</span> <span class='ocrx_word' id='word_1_8' title='bbox 680 459 974 502; x_wconf 85' lang='lat' dir='ltr'>obstantibus</span> <span class='ocrx_word' id='word_1_9' title='bbox 1002 457 1242 514; x_wconf 68' lang='lat' dir='ltr'>rescriptis</span> <span class='ocrx_word' id='word_1_10' title='bbox 1268 457 1513 500; x_wconf 72' lang='lat' dir='ltr'>contrariis</span> <span class='ocrx_word' id='word_1_11' title='bbox 1536 457 1902 516; x_wconf 63' lang='lat' dir='ltr'>Przepositorum</span> 
     </span>
     <span class='ocr_line' id='line_1_4' title="bbox 200 534 933 590; baseline 0 -12"><span class='ocrx_word' id='word_1_12' title='bbox 200 534 516 578; x_wconf 71' lang='lat' dir='ltr'>Generaliuln.</span> <span class='ocrx_word' id='word_1_13' title='bbox 549 535 613 587; x_wconf 74' lang='lat' dir='ltr'>(C.</span> <span class='ocrx_word' id='word_1_14' title='bbox 637 536 710 590; x_wconf 79' lang='lat' dir='ltr'>G.,</span> <span class='ocrx_word' id='word_1_15' title='bbox 731 536 810 587; x_wconf 74' lang='lat' dir='ltr'>XI,</span> <span class='ocrx_word' id='word_1_16' title='bbox 843 535 933 586; x_wconf 70' lang='lat'><strong>17.)</strong></span> 
     </span>
    </p>

    <p class='ocr_par' dir='ltr' id='par_1_4' title="bbox 200 611 1906 1054">
     <span class='ocr_line' id='line_1_5' title="bbox 259 611 1903 670; baseline 0.002 -17"><span class='ocrx_word' id='word_1_17' title='bbox 259 611 522 655; x_wconf 68' lang='lat' dir='ltr'>ll&#39;lonendus</span> <span class='ocrx_word' id='word_1_18' title='bbox 545 617 612 655; x_wconf 86' lang='lat' dir='ltr'>est</span> <span class='ocrx_word' id='word_1_19' title='bbox 634 613 776 670; x_wconf 64' lang='lat' dir='ltr'>igitur</span> <span class='ocrx_word' id='word_1_20' title='bbox 796 627 816 654; x_wconf 88' lang='lat' dir='ltr'>a</span> <span class='ocrx_word' id='word_1_21' title='bbox 842 611 1118 655; x_wconf 70' lang='lat' dir='ltr'>Provinciali</span> <span class='ocrx_word' id='word_1_22' title='bbox 1148 611 1388 654; x_wconf 83' lang='lat' dir='ltr'>Generalis</span> <span class='ocrx_word' id='word_1_23' title='bbox 1411 611 1467 654; x_wconf 88' lang='lat' dir='ltr'>de</span> <span class='ocrx_word' id='word_1_24' title='bbox 1489 612 1641 655; x_wconf 77' lang='lat' dir='ltr'>valore</span> <span class='ocrx_word' id='word_1_25' title='bbox 1669 613 1903 657; x_wconf 86' lang='lat' dir='ltr'>bonorum</span> 
     </span>
     <span class='ocr_line' id='line_1_6' title="bbox 200 688 1904 746; baseline 0.002 -16"><span class='ocrx_word' id='word_1_26' title='bbox 200 693 245 731; x_wconf 84' lang='lat' dir='ltr'>et</span> <span class='ocrx_word' id='word_1_27' title='bbox 277 689 332 731; x_wconf 87' lang='lat' dir='ltr'>de</span> <span class='ocrx_word' id='word_1_28' title='bbox 367 689 641 734; x_wconf 85' lang='lat' dir='ltr'>necessitate</span> <span class='ocrx_word' id='word_1_29' title='bbox 676 690 909 732; x_wconf 71' lang='lat' dir='ltr'>variorum</span> <span class='ocrx_word' id='word_1_30' title='bbox 950 688 1207 731; x_wconf 64' lang='lat' dir='ltr'>Provinciae</span> <span class='ocrx_word' id='word_1_31' title='bbox 1242 688 1469 732; x_wconf 85' lang='lat' dir='ltr'>locorum.</span> <span class='ocrx_word' id='word_1_32' title='bbox 1508 690 1580 741; x_wconf 80' lang='lat' dir='ltr'>(R.</span> <span class='ocrx_word' id='word_1_33' title='bbox 1618 689 1772 746; x_wconf 58' lang='lat' dir='ltr'>Prov„</span> <span class='ocrx_word' id='word_1_34' title='bbox 1811 691 1904 744; x_wconf 83' lang='lat'>88.)</span> 
     </span>
     <span class='ocr_line' id='line_1_7' title="bbox 200 765 1900 820; baseline 0.002 -11"><span class='ocrx_word' id='word_1_35' title='bbox 200 765 331 809; x_wconf 71' lang='lat' dir='ltr'>Circa</span> <span class='ocrx_word' id='word_1_36' title='bbox 358 766 479 810; x_wconf 89' lang='lat' dir='ltr'>bona</span> <span class='ocrx_word' id='word_1_37' title='bbox 509 767 575 810; x_wconf 87' lang='lat' dir='ltr'>sie</span> <span class='ocrx_word' id='word_1_38' title='bbox 603 767 817 810; x_wconf 71' lang='lat' dir='ltr'>Societati</span> <span class='ocrx_word' id='word_1_39' title='bbox 849 767 1033 820; x_wconf 87' lang='lat' dir='ltr'>donata,</span> <span class='ocrx_word' id='word_1_40' title='bbox 1058 765 1257 809; x_wconf 62' lang='lat' dir='ltr'>vitandae</span> <span class='ocrx_word' id='word_1_41' title='bbox 1286 771 1395 810; x_wconf 88' lang='lat' dir='ltr'>sunt</span> <span class='ocrx_word' id='word_1_42' title='bbox 1426 767 1688 811; x_wconf 71' lang='lat' dir='ltr'>exactiones</span> <span class='ocrx_word' id='word_1_43' title='bbox 1712 768 1900 812; x_wconf 62' lang='lat' dir='ltr'>odiosze.</span> 
     </span>
     <span class='ocr_line' id='line_1_8' title="bbox 201 843 1906 902; baseline 0.002 -17"><span class='ocrx_word' id='word_1_44' title='bbox 201 869 257 873; x_wconf 84' lang='lat'>—</span> <span class='ocrx_word' id='word_1_45' title='bbox 299 843 389 885; x_wconf 88' lang='lat' dir='ltr'>Per</span> <span class='ocrx_word' id='word_1_46' title='bbox 426 849 753 900; x_wconf 66' lang='lat' dir='ltr'>procuratores</span> <span class='ocrx_word' id='word_1_47' title='bbox 803 849 1019 886; x_wconf 81' lang='lat' dir='ltr'>externos</span> <span class='ocrx_word' id='word_1_48' title='bbox 1061 857 1135 886; x_wconf 89' lang='lat' dir='ltr'>res</span> <span class='ocrx_word' id='word_1_49' title='bbox 1180 843 1464 901; x_wconf 73' lang='lat' dir='ltr'>transigatur</span> <span class='ocrx_word' id='word_1_50' title='bbox 1503 850 1547 888; x_wconf 90' lang='lat' dir='ltr'>et</span> <span class='ocrx_word' id='word_1_51' title='bbox 1598 844 1906 902; x_wconf 65' lang='lat' dir='ltr'>eleemosyna}</span> 
     </span>
     <span class='ocr_line' id='line_1_9' title="bbox 200 920 1904 979; baseline 0.002 -17"><span class='ocrx_word' id='word_1_52' title='bbox 200 920 488 977; x_wconf 76' lang='lat' dir='ltr'>pauperiljms</span> <span class='ocrx_word' id='word_1_53' title='bbox 528 921 685 978; x_wconf 87' lang='lat' dir='ltr'>oppidi</span> <span class='ocrx_word' id='word_1_54' title='bbox 727 920 1092 975; x_wconf 71' lang='lat' dir='ltr'>distribuanturj,</span> <span class='ocrx_word' id='word_1_55' title='bbox 1138 920 1254 964; x_wconf 88' lang='lat' dir='ltr'>ratio</span> <span class='ocrx_word' id='word_1_56' title='bbox 1297 920 1389 964; x_wconf 85' lang='lat' dir='ltr'>dati</span> <span class='ocrx_word' id='word_1_57' title='bbox 1435 926 1480 965; x_wconf 88' lang='lat' dir='ltr'>et</span> <span class='ocrx_word' id='word_1_58' title='bbox 1518 922 1692 978; x_wconf 88' lang='lat' dir='ltr'>accepti</span> <span class='ocrx_word' id='word_1_59' title='bbox 1735 922 1904 979; x_wconf 86' lang='lat' dir='ltr'>scripto</span> 
     </span>
     <span class='ocr_line' id='line_1_10' title="bbox 202 997 1174 1054; baseline 0.001 -15"><span class='ocrx_word' id='word_1_60' title='bbox 202 1002 426 1041; x_wconf 63' lang='lat' dir='ltr'>servetur.</span> <span class='ocrx_word' id='word_1_61' title='bbox 460 998 530 1049; x_wconf 82' lang='lat' dir='ltr'>(R.</span> <span class='ocrx_word' id='word_1_62' title='bbox 557 997 709 1053; x_wconf 76' lang='lat' dir='ltr'>Prov.,</span> <span class='ocrx_word' id='word_1_63' title='bbox 740 998 811 1041; x_wconf 70' lang='lat'>80.</span> <span class='ocrx_word' id='word_1_64' title='bbox 836 1024 893 1029; x_wconf 96' lang='lat'>—</span> <span class='ocrx_word' id='word_1_65' title='bbox 915 997 1051 1054; x_wconf 53' lang='lat' dir='ltr'>Ora,</span> <span class='ocrx_word' id='word_1_66' title='bbox 1082 997 1174 1050; x_wconf 68' lang='lat' dir='ltr'>io.)</span> 
     </span>
    </p>
   </div>
   <div class='ocr_carea' id='block_1_4' title="bbox 201 1154 1907 1320">
    <p class='ocr_par' dir='ltr' id='par_1_5' title="bbox 201 1154 1907 1320">
     <span class='ocr_line' id='line_1_11' title="bbox 255 1154 1906 1202; baseline 0.002 -13"><span class='ocrx_word' id='word_1_67' title='bbox 255 1154 266 1180; x_wconf 80' lang='lat'><strong>1</strong></span> <span class='ocrx_word' id='word_1_68' title='bbox 289 1156 369 1190; x_wconf 80' lang='lat' dir='ltr'>Non</span> <span class='ocrx_word' id='word_1_69' title='bbox 393 1159 450 1191; x_wconf 87' lang='lat' dir='ltr'>est</span> <span class='ocrx_word' id='word_1_70' title='bbox 472 1156 592 1201; x_wconf 78' lang='lat' dir='ltr'>igitur</span> <span class='ocrx_word' id='word_1_71' title='bbox 613 1156 834 1191; x_wconf 85' lang='lat' dir='ltr'>necessario</span> <span class='ocrx_word' id='word_1_72' title='bbox 857 1156 1076 1190; x_wconf 88' lang='lat' dir='ltr'>monendus</span> <span class='ocrx_word' id='word_1_73' title='bbox 1106 1155 1309 1190; x_wconf 71' lang='lat' dir='ltr'>Generalis</span> <span class='ocrx_word' id='word_1_74' title='bbox 1337 1156 1369 1190; x_wconf 92' lang='lat' dir='ltr'>si</span> <span class='ocrx_word' id='word_1_75' title='bbox 1392 1156 1584 1191; x_wconf 89' lang='lat' dir='ltr'>bonorum</span> <span class='ocrx_word' id='word_1_76' title='bbox 1606 1156 1817 1202; x_wconf 77' lang='lat' dir='ltr'>applicatio</span> <span class='ocrx_word' id='word_1_77' title='bbox 1838 1157 1906 1193; x_wconf 82' lang='lat' dir='ltr'>fiat</span> 
     </span>
     <span class='ocr_line' id='line_1_12' title="bbox 201 1212 1907 1263; baseline 0.002 -14"><span class='ocrx_word' id='word_1_78' title='bbox 201 1215 313 1251; x_wconf 89' lang='lat' dir='ltr'>bonis</span> <span class='ocrx_word' id='word_1_79' title='bbox 335 1216 518 1260; x_wconf 80' lang='lat' dir='ltr'>operibus</span> <span class='ocrx_word' id='word_1_80' title='bbox 539 1218 649 1250; x_wconf 85' lang='lat' dir='ltr'>extra</span> <span class='ocrx_word' id='word_1_81' title='bbox 671 1215 901 1250; x_wconf 75' lang='lat' dir='ltr'>Societatem</span> <span class='ocrx_word' id='word_1_82' title='bbox 917 1212 972 1263; x_wconf 74' lang='lat' dir='ltr'>(a.</span> <span class='ocrx_word' id='word_1_83' title='bbox 995 1212 1138 1263; x_wconf 77' lang='lat'><strong>1583):</strong></span> <span class='ocrx_word' id='word_1_84' title='bbox 1163 1214 1336 1260; x_wconf 77' lang='lat' dir='ltr'>excipias</span> <span class='ocrx_word' id='word_1_85' title='bbox 1356 1227 1362 1250; x_wconf 92' lang='lat'>:</span> <span class='ocrx_word' id='word_1_86' title='bbox 1389 1215 1465 1250; x_wconf 88' lang='lat' dir='ltr'>nisi</span> <span class='ocrx_word' id='word_1_87' title='bbox 1484 1215 1524 1251; x_wconf 91' lang='lat' dir='ltr'>in</span> <span class='ocrx_word' id='word_1_88' title='bbox 1543 1216 1700 1251; x_wconf 82' lang='lat' dir='ltr'>casibus</span> <span class='ocrx_word' id='word_1_89' title='bbox 1724 1217 1907 1262; x_wconf 88' lang='lat' dir='ltr'>superius</span> 
     </span>
     <span class='ocr_line' id='line_1_13' title="bbox 201 1275 412 1320; baseline 0.005 -11"><span class='ocrx_word' id='word_1_90' title='bbox 201 1275 412 1320; x_wconf 77' lang='lat' dir='ltr'>expressis.</span> 
     </span>
    </p>
   </div>
   <div class='ocr_carea' id='block_1_5' title="bbox 200 1368 1907 2308">
    <p class='ocr_par' dir='ltr' id='par_1_6' title="bbox 200 1368 1907 1895">
     <span class='ocr_line' id='line_1_14' title="bbox 253 1368 1906 1416; baseline 0.001 -11"><span class='ocrx_word' id='word_1_91' title='bbox 253 1368 269 1394; x_wconf 63' lang='lat'>*2</span> <span class='ocrx_word' id='word_1_92' title='bbox 290 1371 396 1414; x_wconf 84' lang='lat' dir='ltr'>Quod</span> <span class='ocrx_word' id='word_1_93' title='bbox 420 1381 509 1406; x_wconf 78' lang='lat' dir='ltr'>vero</span> <span class='ocrx_word' id='word_1_94' title='bbox 532 1371 666 1416; x_wconf 87' lang='lat' dir='ltr'>pensio</span> <span class='ocrx_word' id='word_1_95' title='bbox 688 1371 816 1416; x_wconf 91' lang='lat' dir='ltr'>ipsum</span> <span class='ocrx_word' id='word_1_96' title='bbox 839 1371 886 1406; x_wconf 90' lang='lat' dir='ltr'>de</span> <span class='ocrx_word' id='word_1_97' title='bbox 907 1371 1021 1405; x_wconf 90' lang='lat' dir='ltr'>domo</span> <span class='ocrx_word' id='word_1_98' title='bbox 1042 1371 1082 1405; x_wconf 91' lang='lat' dir='ltr'>in</span> <span class='ocrx_word' id='word_1_99' title='bbox 1110 1371 1270 1406; x_wconf 89' lang='lat' dir='ltr'>domum</span> <span class='ocrx_word' id='word_1_100' title='bbox 1301 1374 1489 1415; x_wconf 85' lang='lat' dir='ltr'>sequatur</span> <span class='ocrx_word' id='word_1_101' title='bbox 1518 1374 1745 1406; x_wconf 80' lang='lat' dir='ltr'>constanter</span> <span class='ocrx_word' id='word_1_102' title='bbox 1774 1372 1906 1416; x_wconf 87' lang='lat' dir='ltr'>prohi-</span> 
     </span>
     <span class='ocr_line' id='line_1_15' title="bbox 202 1427 1906 1479; baseline 0.002 -15"><span class='ocrx_word' id='word_1_103' title='bbox 202 1430 371 1465; x_wconf 89' lang='lat' dir='ltr'>buerunt</span> <span class='ocrx_word' id='word_1_104' title='bbox 402 1431 610 1465; x_wconf 74' lang='lat' dir='ltr'>(ienerales</span> <span class='ocrx_word' id='word_1_105' title='bbox 639 1427 694 1478; x_wconf 71' lang='lat' dir='ltr'>(a.</span> <span class='ocrx_word' id='word_1_106' title='bbox 731 1430 843 1469; x_wconf 82' lang='lat'><strong>1606,</strong></span> <span class='ocrx_word' id='word_1_107' title='bbox 879 1430 991 1466; x_wconf 78' lang='lat'><strong>1621.</strong></span> <span class='ocrx_word' id='word_1_108' title='bbox 1020 1429 1136 1472; x_wconf 72' lang='lat'><strong>1643,</strong></span> <span class='ocrx_word' id='word_1_109' title='bbox 1166 1430 1281 1472; x_wconf 77' lang='lat'><strong>1641,</strong></span> <span class='ocrx_word' id='word_1_110' title='bbox 1317 1430 1432 1469; x_wconf 80' lang='lat'><strong>1639,</strong></span> <span class='ocrx_word' id='word_1_111' title='bbox 1470 1430 1586 1472; x_wconf 80' lang='lat'><strong>1633,</strong></span> <span class='ocrx_word' id='word_1_112' title='bbox 1623 1427 1754 1479; x_wconf 82' lang='lat'><strong>1631).</strong></span> <span class='ocrx_word' id='word_1_113' title='bbox 1792 1443 1807 1463; x_wconf 92' lang='lat'>«</span> <span class='ocrx_word' id='word_1_114' title='bbox 1841 1431 1906 1466; x_wconf 89' lang='lat' dir='ltr'>Est</span> 
     </span>
     <span class='ocr_line' id='line_1_16' title="bbox 200 1489 1906 1535; baseline 0.001 -11"><span class='ocrx_word' id='word_1_115' title='bbox 200 1490 396 1524; x_wconf 88' lang='lat' dir='ltr'>ordinatio</span> <span class='ocrx_word' id='word_1_116' title='bbox 418 1490 454 1525; x_wconf 82' lang='grc' dir='ltr'>Ρ.</span> <span class='ocrx_word' id='word_1_117' title='bbox 481 1490 593 1525; x_wconf 88' lang='lat' dir='ltr'>Mutii</span> <span class='ocrx_word' id='word_1_118' title='bbox 617 1493 658 1525; x_wconf 90' lang='lat' dir='ltr'>ut</span> <span class='ocrx_word' id='word_1_119' title='bbox 679 1490 710 1525; x_wconf 91' lang='lat' dir='ltr'>si</span> <span class='ocrx_word' id='word_1_120' title='bbox 733 1490 822 1535; x_wconf 88' lang='lat' dir='ltr'>quis</span> <span class='ocrx_word' id='word_1_121' title='bbox 841 1490 979 1525; x_wconf 86' lang='lat' dir='ltr'>Rector</span> <span class='ocrx_word' id='word_1_122' title='bbox 1000 1489 1171 1534; x_wconf 81' lang='lat' dir='ltr'>aliquem</span> <span class='ocrx_word' id='word_1_123' title='bbox 1193 1500 1213 1524; x_wconf 91' lang='lat' dir='ltr'>e</span> <span class='ocrx_word' id='word_1_124' title='bbox 1232 1490 1384 1525; x_wconf 82' lang='lat' dir='ltr'>Nostris</span> <span class='ocrx_word' id='word_1_125' title='bbox 1404 1490 1587 1525; x_wconf 86' lang='lat' dir='ltr'>sollicitet</span> <span class='ocrx_word' id='word_1_126' title='bbox 1602 1490 1651 1525; x_wconf 91' lang='lat' dir='ltr'>ad</span> <span class='ocrx_word' id='word_1_127' title='bbox 1672 1490 1906 1535; x_wconf 85' lang='lat' dir='ltr'>applicanda</span> 
     </span>
     <span class='ocr_line' id='line_1_17' title="bbox 202 1549 1901 1595; baseline -0.001 -11"><span class='ocrx_word' id='word_1_128' title='bbox 202 1550 301 1584; x_wconf 87' lang='lat' dir='ltr'>bona</span> <span class='ocrx_word' id='word_1_129' title='bbox 333 1560 402 1584; x_wconf 90' lang='lat' dir='ltr'>suo</span> <span class='ocrx_word' id='word_1_130' title='bbox 432 1550 562 1594; x_wconf 88' lang='lat' dir='ltr'>potius</span> <span class='ocrx_word' id='word_1_131' title='bbox 592 1550 753 1594; x_wconf 77' lang='lat' dir='ltr'>collegio</span> <span class='ocrx_word' id='word_1_132' title='bbox 783 1559 901 1594; x_wconf 84' lang='lat' dir='ltr'>quam</span> <span class='ocrx_word' id='word_1_133' title='bbox 932 1549 1059 1589; x_wconf 76' lang='lat' dir='ltr'>alteri,</span> <span class='ocrx_word' id='word_1_134' title='bbox 1096 1559 1139 1584; x_wconf 90' lang='lat' dir='ltr'>eo</span> <span class='ocrx_word' id='word_1_135' title='bbox 1170 1549 1255 1595; x_wconf 91' lang='lat' dir='ltr'>ipso</span> <span class='ocrx_word' id='word_1_136' title='bbox 1293 1550 1399 1584; x_wconf 89' lang='lat' dir='ltr'>omni</span> <span class='ocrx_word' id='word_1_137' title='bbox 1430 1550 1517 1594; x_wconf 76' lang='lat' dir='ltr'>J&#39;ure</span> <span class='ocrx_word' id='word_1_138' title='bbox 1545 1550 1593 1584; x_wconf 88' lang='lat' dir='ltr'>ad</span> <span class='ocrx_word' id='word_1_139' title='bbox 1624 1549 1692 1585; x_wconf 89' lang='lat' dir='ltr'>illa</span> <span class='ocrx_word' id='word_1_140' title='bbox 1723 1553 1852 1585; x_wconf 86' lang='lat' dir='ltr'>careat</span> <span class='ocrx_word' id='word_1_141' title='bbox 1888 1564 1901 1582; x_wconf 82' lang='lat'>»</span> 
     </span>
     <span class='ocr_line' id='line_1_18' title="bbox 202 1608 1906 1658; baseline 0.001 -16"><span class='ocrx_word' id='word_1_142' title='bbox 202 1616 253 1653; x_wconf 73' lang='lat' dir='ltr'>(a.</span> <span class='ocrx_word' id='word_1_143' title='bbox 282 1609 397 1650; x_wconf 70' lang='lat'><strong>1655,</strong></span> <span class='ocrx_word' id='word_1_144' title='bbox 422 1609 446 1644; x_wconf 92' lang='lat' dir='ltr'>i.</span> <span class='ocrx_word' id='word_1_145' title='bbox 471 1619 502 1644; x_wconf 89' lang='lat' dir='ltr'>e.</span> <span class='ocrx_word' id='word_1_146' title='bbox 529 1609 567 1644; x_wconf 92' lang='lat' dir='ltr'>P.</span> <span class='ocrx_word' id='word_1_147' title='bbox 589 1608 752 1658; x_wconf 79' lang='lat' dir='ltr'>Nickel).</span> <span class='ocrx_word' id='word_1_148' title='bbox 779 1609 862 1643; x_wconf 81' lang='lat' dir='ltr'>Non</span> <span class='ocrx_word' id='word_1_149' title='bbox 886 1609 985 1644; x_wconf 87' lang='lat' dir='ltr'>valet</span> <span class='ocrx_word' id='word_1_150' title='bbox 1008 1609 1087 1643; x_wconf 90' lang='lat' dir='ltr'>nlla</span> <span class='ocrx_word' id='word_1_151' title='bbox 1110 1608 1319 1654; x_wconf 84' lang='lat' dir='ltr'>promissio</span> <span class='ocrx_word' id='word_1_152' title='bbox 1341 1609 1583 1644; x_wconf 61' lang='lat' dir='ltr'>haereditatis</span> <span class='ocrx_word' id='word_1_153' title='bbox 1605 1609 1722 1644; x_wconf 86' lang='lat' dir='ltr'>alicui</span> <span class='ocrx_word' id='word_1_154' title='bbox 1744 1609 1906 1654; x_wconf 65' lang='lat' dir='ltr'>collegio</span> 
     </span>
     <span class='ocr_line' id='line_1_19' title="bbox 201 1668 1905 1714; baseline 0.001 -12"><span class='ocrx_word' id='word_1_155' title='bbox 201 1678 222 1702; x_wconf 89' lang='lat' dir='ltr'>a</span> <span class='ocrx_word' id='word_1_156' title='bbox 244 1668 511 1711; x_wconf 77' lang='lat' dir='ltr'>scholasticis,</span> <span class='ocrx_word' id='word_1_157' title='bbox 535 1668 653 1703; x_wconf 87' lang='lat' dir='ltr'>etiam</span> <span class='ocrx_word' id='word_1_158' title='bbox 675 1669 821 1714; x_wconf 84' lang='lat' dir='ltr'>scripto</span> <span class='ocrx_word' id='word_1_159' title='bbox 843 1669 968 1710; x_wconf 84' lang='lat' dir='ltr'>1acta;</span> <span class='ocrx_word' id='word_1_160' title='bbox 994 1669 1061 1703; x_wconf 84' lang='lat' dir='ltr'>sed</span> <span class='ocrx_word' id='word_1_161' title='bbox 1078 1668 1160 1703; x_wconf 87' lang='lat' dir='ltr'>sola</span> <span class='ocrx_word' id='word_1_162' title='bbox 1182 1668 1340 1704; x_wconf 84' lang='lat' dir='ltr'>donatio</span> <span class='ocrx_word' id='word_1_163' title='bbox 1358 1669 1459 1704; x_wconf 89' lang='lat' dir='ltr'>inter</span> <span class='ocrx_word' id='word_1_164' title='bbox 1475 1669 1584 1704; x_wconf 82' lang='lat' dir='ltr'>vivos</span> <span class='ocrx_word' id='word_1_165' title='bbox 1602 1679 1690 1704; x_wconf 89' lang='lat' dir='ltr'>cum</span> <span class='ocrx_word' id='word_1_166' title='bbox 1709 1678 1905 1704; x_wconf 82' lang='lat' dir='ltr'>consensu</span> 
     </span>
     <span class='ocr_line' id='line_1_20' title="bbox 203 1727 1907 1776; baseline 0.002 -15"><span class='ocrx_word' id='word_1_167' title='bbox 203 1728 403 1763; x_wconf 75' lang='lat' dir='ltr'>Generalis</span> <span class='ocrx_word' id='word_1_168' title='bbox 425 1736 477 1769; x_wconf 74' lang='grc' dir='ltr'>(ιι.</span> <span class='ocrx_word' id='word_1_169' title='bbox 505 1728 637 1776; x_wconf 75' lang='grc'>1047).</span> <span class='ocrx_word' id='word_1_170' title='bbox 672 1728 707 1763; x_wconf 93' lang='lat' dir='ltr'>Is</span> <span class='ocrx_word' id='word_1_171' title='bbox 730 1738 820 1763; x_wconf 73' lang='lat' dir='ltr'>vero</span> <span class='ocrx_word' id='word_1_172' title='bbox 851 1728 918 1773; x_wconf 83' lang='lat' dir='ltr'>qui</span> <span class='ocrx_word' id='word_1_173' title='bbox 949 1729 1050 1763; x_wconf 88' lang='lat' dir='ltr'>bona</span> <span class='ocrx_word' id='word_1_174' title='bbox 1082 1738 1152 1763; x_wconf 91' lang='lat' dir='ltr'>sna</span> <span class='ocrx_word' id='word_1_175' title='bbox 1183 1727 1301 1763; x_wconf 87' lang='lat' dir='ltr'>alicui</span> <span class='ocrx_word' id='word_1_176' title='bbox 1324 1728 1494 1771; x_wconf 62' lang='lat' dir='ltr'>Collegio</span> <span class='ocrx_word' id='word_1_177' title='bbox 1522 1729 1687 1770; x_wconf 83' lang='lat' dir='ltr'>dederit,</span> <span class='ocrx_word' id='word_1_178' title='bbox 1717 1728 1907 1773; x_wconf 85' lang='lat' dir='ltr'>quamdiu</span> 
     </span>
     <span class='ocr_line' id='line_1_21' title="bbox 202 1787 1906 1834; baseline 0.001 -12"><span class='ocrx_word' id='word_1_179' title='bbox 202 1797 278 1822; x_wconf 88' lang='lat' dir='ltr'>non</span> <span class='ocrx_word' id='word_1_180' title='bbox 294 1788 433 1832; x_wconf 85' lang='lat' dir='ltr'>poterit</span> <span class='ocrx_word' id='word_1_181' title='bbox 450 1788 489 1822; x_wconf 93' lang='lat' dir='ltr'>in</span> <span class='ocrx_word' id='word_1_182' title='bbox 508 1788 671 1822; x_wconf 83' lang='lat' dir='ltr'>alterius</span> <span class='ocrx_word' id='word_1_183' title='bbox 694 1787 853 1833; x_wconf 73' lang='lat' dir='ltr'>tlollegii</span> <span class='ocrx_word' id='word_1_184' title='bbox 876 1788 1086 1823; x_wconf 80' lang='lat' dir='ltr'>utilitatem</span> <span class='ocrx_word' id='word_1_185' title='bbox 1110 1787 1237 1823; x_wconf 90' lang='lat' dir='ltr'>solitis</span> <span class='ocrx_word' id='word_1_186' title='bbox 1259 1787 1490 1823; x_wconf 88' lang='lat' dir='ltr'>ministeriis</span> <span class='ocrx_word' id='word_1_187' title='bbox 1509 1788 1714 1834; x_wconf 86' lang='lat' dir='ltr'>applicari,</span> <span class='ocrx_word' id='word_1_188' title='bbox 1739 1787 1906 1824; x_wconf 89' lang='lat' dir='ltr'>alendus</span> 
     </span>
     <span class='ocr_line' id='line_1_22' title="bbox 201 1844 855 1895; baseline 0 -14"><span class='ocrx_word' id='word_1_189' title='bbox 201 1846 274 1881; x_wconf 87' lang='lat' dir='ltr'>erit</span> <span class='ocrx_word' id='word_1_190' title='bbox 295 1847 344 1881; x_wconf 91' lang='lat' dir='ltr'>ab</span> <span class='ocrx_word' id='word_1_191' title='bbox 366 1848 434 1881; x_wconf 79' lang='lat' dir='ltr'>lioc</span> <span class='ocrx_word' id='word_1_192' title='bbox 457 1847 624 1890; x_wconf 58' lang='lat' dir='ltr'>Colles-rio</span> <span class='ocrx_word' id='word_1_193' title='bbox 644 1844 698 1895; x_wconf 78' lang='lat' dir='ltr'>(a.</span> <span class='ocrx_word' id='word_1_194' title='bbox 726 1847 855 1895; x_wconf 71' lang='lat'><strong>1654).</strong></span> 
     </span>
    </p>

    <p class='ocr_par' dir='ltr' id='par_1_7' title="bbox 201 1906 1906 2073">
     <span class='ocr_line' id='line_1_23' title="bbox 255 1906 1906 1953; baseline 0.002 -13"><span class='ocrx_word' id='word_1_195' title='bbox 255 1906 409 1950; x_wconf 84' lang='lat' dir='ltr'>Siquid</span> <span class='ocrx_word' id='word_1_196' title='bbox 432 1906 612 1942; x_wconf 85' lang='lat' dir='ltr'>So‹·ietati</span> <span class='ocrx_word' id='word_1_197' title='bbox 635 1907 895 1951; x_wconf 83' lang='lat' dir='ltr'>relinquatur,</span> <span class='ocrx_word' id='word_1_198' title='bbox 923 1907 1037 1942; x_wconf 85' lang='lat' dir='ltr'>dehet</span> <span class='ocrx_word' id='word_1_199' title='bbox 1066 1917 1110 1942; x_wconf 90' lang='lat' dir='ltr'>ea</span> <span class='ocrx_word' id='word_1_200' title='bbox 1142 1907 1311 1942; x_wconf 79' lang='lat' dir='ltr'>formula</span> <span class='ocrx_word' id='word_1_201' title='bbox 1343 1907 1428 1942; x_wconf 87' lang='lat' dir='ltr'>fieri</span> <span class='ocrx_word' id='word_1_202' title='bbox 1460 1907 1664 1953; x_wconf 87' lang='lat' dir='ltr'>dispositio</span> <span class='ocrx_word' id='word_1_203' title='bbox 1690 1911 1758 1944; x_wconf 87' lang='lat' dir='ltr'>aut</span> <span class='ocrx_word' id='word_1_204' title='bbox 1788 1910 1906 1943; x_wconf 85' lang='lat' dir='ltr'>testa-</span> 
     </span>
     <span class='ocr_line' id='line_1_24' title="bbox 202 1966 1906 2013; baseline 0.002 -13"><span class='ocrx_word' id='word_1_205' title='bbox 202 1968 376 2001; x_wconf 86' lang='lat' dir='ltr'>mentum</span> <span class='ocrx_word' id='word_1_206' title='bbox 407 1968 449 2001; x_wconf 87' lang='lat' dir='ltr'>ut</span> <span class='ocrx_word' id='word_1_207' title='bbox 477 1966 591 2001; x_wconf 88' lang='lat' dir='ltr'>detur</span> <span class='ocrx_word' id='word_1_208' title='bbox 623 1976 701 2001; x_wconf 91' lang='lat' dir='ltr'>non</span> <span class='ocrx_word' id='word_1_209' title='bbox 735 1966 930 2009; x_wconf 84' lang='lat' dir='ltr'>Generali,</span> <span class='ocrx_word' id='word_1_210' title='bbox 963 1967 1030 2002; x_wconf 86' lang='lat' dir='ltr'>sed</span> <span class='ocrx_word' id='word_1_211' title='bbox 1063 1967 1246 2002; x_wconf 86' lang='lat' dir='ltr'>Societati</span> <span class='ocrx_word' id='word_1_212' title='bbox 1277 1968 1326 2002; x_wconf 92' lang='lat' dir='ltr'>ad</span> <span class='ocrx_word' id='word_1_213' title='bbox 1367 1966 1664 2013; x_wconf 84' lang='lat' dir='ltr'>dispositionem</span> <span class='ocrx_word' id='word_1_214' title='bbox 1704 1967 1906 2004; x_wconf 88' lang='lat' dir='ltr'>Generalis</span> 
     </span>
     <span class='ocr_line' id='line_1_25' title="bbox 201 2022 353 2073; baseline 0.013 -15"><span class='ocrx_word' id='word_1_215' title='bbox 201 2022 353 2073; x_wconf 73' lang='lat'><strong>(1597).</strong></span> 
     </span>
    </p>

    <p class='ocr_par' dir='ltr' id='par_1_8' title="bbox 202 2084 1907 2308">
     <span class='ocr_line' id='line_1_26' title="bbox 254 2084 1906 2132; baseline 0.002 -13"><span class='ocrx_word' id='word_1_216' title='bbox 254 2084 421 2119; x_wconf 89' lang='lat' dir='ltr'>Censum</span> <span class='ocrx_word' id='word_1_217' title='bbox 446 2085 657 2120; x_wconf 85' lang='lat' dir='ltr'>vitalitium</span> <span class='ocrx_word' id='word_1_218' title='bbox 681 2086 894 2120; x_wconf 68' lang='lat' dir='ltr'>Provimize</span> <span class='ocrx_word' id='word_1_219' title='bbox 911 2096 931 2119; x_wconf 88' lang='lat' dir='ltr'>a</span> <span class='ocrx_word' id='word_1_220' title='bbox 952 2086 1055 2121; x_wconf 88' lang='lat' dir='ltr'>socio</span> <span class='ocrx_word' id='word_1_221' title='bbox 1071 2086 1235 2121; x_wconf 82' lang='lat' dir='ltr'>attribui</span> <span class='ocrx_word' id='word_1_222' title='bbox 1258 2086 1357 2121; x_wconf 87' lang='lat' dir='ltr'>nihil</span> <span class='ocrx_word' id='word_1_223' title='bbox 1379 2089 1497 2129; x_wconf 82' lang='lat' dir='ltr'>vetat,</span> <span class='ocrx_word' id='word_1_224' title='bbox 1516 2087 1704 2131; x_wconf 88' lang='lat' dir='ltr'>nullaque</span> <span class='ocrx_word' id='word_1_225' title='bbox 1725 2087 1906 2132; x_wconf 90' lang='lat' dir='ltr'>specialis</span> 
     </span>
     <span class='ocr_line' id='line_1_27' title="bbox 202 2143 1907 2192; baseline 0.002 -14"><span class='ocrx_word' id='word_1_226' title='bbox 202 2143 359 2179; x_wconf 87' lang='lat' dir='ltr'>licentia</span> <span class='ocrx_word' id='word_1_227' title='bbox 388 2144 436 2179; x_wconf 88' lang='lat' dir='ltr'>ad</span> <span class='ocrx_word' id='word_1_228' title='bbox 467 2144 538 2179; x_wconf 88' lang='lat' dir='ltr'>hoc</span> <span class='ocrx_word' id='word_1_229' title='bbox 568 2145 783 2189; x_wconf 87' lang='lat' dir='ltr'>requiritur</span> <span class='ocrx_word' id='word_1_230' title='bbox 817 2146 858 2192; x_wconf 71' lang='lat' dir='ltr'>(f.</span> <span class='ocrx_word' id='word_1_231' title='bbox 882 2146 922 2179; x_wconf 84' lang='lat' dir='ltr'>P.</span> <span class='ocrx_word' id='word_1_232' title='bbox 949 2145 1011 2182; x_wconf 84' lang='grc' dir='ltr'>Α..</span> <span class='ocrx_word' id='word_1_233' title='bbox 1037 2146 1085 2180; x_wconf 79' lang='grc'>23</span> <span class='ocrx_word' id='word_1_234' title='bbox 1110 2146 1185 2181; x_wconf 76' lang='lat' dir='ltr'>feb.</span> <span class='ocrx_word' id='word_1_235' title='bbox 1216 2145 1344 2191; x_wconf 69' lang='lat'><strong>1832).</strong></span> <span class='ocrx_word' id='word_1_236' title='bbox 1380 2145 1429 2181; x_wconf 89' lang='lat' dir='ltr'>At</span> <span class='ocrx_word' id='word_1_237' title='bbox 1459 2149 1609 2182; x_wconf 87' lang='lat' dir='ltr'>attenta</span> <span class='ocrx_word' id='word_1_238' title='bbox 1648 2147 1907 2192; x_wconf 85' lang='lat' dir='ltr'>incapacitate</span> 
     </span>
     <span class='ocr_line' id='line_1_28' title="bbox 202 2203 1906 2250; baseline 0.002 -13"><span class='ocrx_word' id='word_1_239' title='bbox 202 2203 413 2238; x_wconf 50' lang='lat' dir='ltr'>Provincia*¹</span> <span class='ocrx_word' id='word_1_240' title='bbox 454 2206 495 2238; x_wconf 88' lang='lat' dir='ltr'>ut</span> <span class='ocrx_word' id='word_1_241' title='bbox 532 2204 623 2238; x_wconf 85' lang='lat' dir='ltr'>talis</span> <span class='ocrx_word' id='word_1_242' title='bbox 660 2205 709 2239; x_wconf 87' lang='lat' dir='ltr'>ad</span> <span class='ocrx_word' id='word_1_243' title='bbox 749 2204 944 2239; x_wconf 87' lang='lat' dir='ltr'>stabiliter</span> <span class='ocrx_word' id='word_1_244' title='bbox 982 2205 1279 2250; x_wconf 84' lang='lat' dir='ltr'>possidendum,</span> <span class='ocrx_word' id='word_1_245' title='bbox 1317 2206 1357 2241; x_wconf 91' lang='lat' dir='ltr'>in</span> <span class='ocrx_word' id='word_1_246' title='bbox 1397 2206 1511 2242; x_wconf 91' lang='lat' dir='ltr'>modo</span> <span class='ocrx_word' id='word_1_247' title='bbox 1547 2206 1797 2241; x_wconf 85' lang='lat' dir='ltr'>retinendum</span> <span class='ocrx_word' id='word_1_248' title='bbox 1832 2206 1906 2241; x_wconf 91' lang='lat' dir='ltr'>erit</span> 
     </span>
     <span class='ocr_line' id='line_1_29' title="bbox 202 2262 1130 2308; baseline 0.002 -11"><span class='ocrx_word' id='word_1_249' title='bbox 202 2272 434 2308; x_wconf 87' lang='lat' dir='ltr'>responsum</span> <span class='ocrx_word' id='word_1_250' title='bbox 455 2264 549 2298; x_wconf 92' lang='lat' dir='ltr'>anni</span> <span class='ocrx_word' id='word_1_251' title='bbox 575 2263 688 2306; x_wconf 70' lang='lat'><strong>1651,</strong></span> <span class='ocrx_word' id='word_1_252' title='bbox 712 2264 816 2299; x_wconf 79' lang='lat' dir='ltr'>inira</span> <span class='ocrx_word' id='word_1_253' title='bbox 836 2264 875 2298; x_wconf 91' lang='lat' dir='ltr'>in</span> <span class='ocrx_word' id='word_1_254' title='bbox 897 2267 1002 2307; x_wconf 88' lang='lat' dir='ltr'>nota,</span> <span class='ocrx_word' id='word_1_255' title='bbox 1028 2275 1066 2299; x_wconf 89' lang='lat' dir='ltr'>n.</span> <span class='ocrx_word' id='word_1_256' title='bbox 1100 2262 1130 2300; x_wconf 69' lang='lat'>4.</span> 
     </span>
    </p>
   </div>
   <div class='ocr_carea' id='block_1_6' title="bbox 201 2362 1908 2816">
    <p class='ocr_par' dir='ltr' id='par_1_9' title="bbox 201 2362 1908 2816">
     <span class='ocr_line' id='line_1_30' title="bbox 255 2362 1907 2412; baseline 0.002 -14"><span class='ocrx_word' id='word_1_257' title='bbox 255 2362 270 2387; x_wconf 68' lang='lat'>3</span> <span class='ocrx_word' id='word_1_258' title='bbox 292 2376 306 2396; x_wconf 93' lang='lat'>«</span> <span class='ocrx_word' id='word_1_259' title='bbox 333 2364 437 2399; x_wconf 89' lang='lat' dir='ltr'>Bona</span> <span class='ocrx_word' id='word_1_260' title='bbox 464 2364 693 2399; x_wconf 88' lang='lat' dir='ltr'>Nostrorum</span> <span class='ocrx_word' id='word_1_261' title='bbox 722 2364 894 2401; x_wconf 81' lang='lat' dir='ltr'>stabilia.</span> <span class='ocrx_word' id='word_1_262' title='bbox 922 2365 982 2400; x_wconf 78' lang='lat' dir='ltr'>vel</span> <span class='ocrx_word' id='word_1_263' title='bbox 1011 2365 1125 2410; x_wconf 86' lang='lat' dir='ltr'>quasi</span> <span class='ocrx_word' id='word_1_264' title='bbox 1156 2366 1332 2409; x_wconf 88' lang='lat' dir='ltr'>stabilia,</span> <span class='ocrx_word' id='word_1_265' title='bbox 1364 2366 1424 2401; x_wconf 73' lang='lat' dir='ltr'>vel</span> <span class='ocrx_word' id='word_1_266' title='bbox 1446 2366 1615 2412; x_wconf 86' lang='lat' dir='ltr'>pretium</span> <span class='ocrx_word' id='word_1_267' title='bbox 1647 2366 1805 2401; x_wconf 90' lang='lat' dir='ltr'>illorum</span> <span class='ocrx_word' id='word_1_268' title='bbox 1829 2376 1907 2401; x_wconf 90' lang='lat' dir='ltr'>non</span> 
     </span>
     <span class='ocr_line' id='line_1_31' title="bbox 203 2423 1907 2471; baseline 0.002 -14"><span class='ocrx_word' id='word_1_269' title='bbox 203 2426 367 2468; x_wconf 89' lang='lat' dir='ltr'>possunt</span> <span class='ocrx_word' id='word_1_270' title='bbox 396 2423 602 2458; x_wconf 78' lang='lat' dir='ltr'>transferri</span> <span class='ocrx_word' id='word_1_271' title='bbox 625 2424 664 2458; x_wconf 90' lang='lat' dir='ltr'>in</span> <span class='ocrx_word' id='word_1_272' title='bbox 685 2423 803 2458; x_wconf 88' lang='lat' dir='ltr'>aliam</span> <span class='ocrx_word' id='word_1_273' title='bbox 824 2424 1083 2460; x_wconf 69' lang='lat' dir='ltr'>Provinciam.</span> <span class='ocrx_word' id='word_1_274' title='bbox 1105 2425 1264 2460; x_wconf 89' lang='lat' dir='ltr'>Mobilia</span> <span class='ocrx_word' id='word_1_275' title='bbox 1288 2436 1378 2460; x_wconf 71' lang='lat' dir='ltr'>vero</span> <span class='ocrx_word' id='word_1_276' title='bbox 1400 2428 1565 2471; x_wconf 87' lang='lat' dir='ltr'>possunt</span> <span class='ocrx_word' id='word_1_277' title='bbox 1585 2425 1696 2471; x_wconf 79' lang='lat' dir='ltr'>juxta</span> <span class='ocrx_word' id='word_1_278' title='bbox 1717 2425 1907 2470; x_wconf 87' lang='lat' dir='ltr'>rescripta</span> 
     </span>
     <span class='ocr_line' id='line_1_32' title="bbox 203 2482 1907 2532; baseline 0.002 -15"><span class='ocrx_word' id='word_1_279' title='bbox 203 2482 476 2525; x_wconf 75' lang='lat' dir='ltr'>Generalium3</span> <span class='ocrx_word' id='word_1_280' title='bbox 509 2485 545 2517; x_wconf 90' lang='lat' dir='ltr'>et</span> <span class='ocrx_word' id='word_1_281' title='bbox 575 2486 711 2527; x_wconf 84' lang='lat' dir='ltr'>parata</span> <span class='ocrx_word' id='word_1_282' title='bbox 739 2483 916 2527; x_wconf 79' lang='lat' dir='ltr'>pecunia,</span> <span class='ocrx_word' id='word_1_283' title='bbox 951 2493 1034 2529; x_wconf 71' lang='lat' dir='ltr'>quw</span> <span class='ocrx_word' id='word_1_284' title='bbox 1060 2493 1140 2519; x_wconf 73' lang='lat' dir='ltr'>non</span> <span class='ocrx_word' id='word_1_285' title='bbox 1165 2483 1217 2519; x_wconf 73' lang='lat' dir='ltr'>sic</span> <span class='ocrx_word' id='word_1_286' title='bbox 1245 2484 1421 2531; x_wconf 74' lang='lat' dir='ltr'>pretium</span> <span class='ocrx_word' id='word_1_287' title='bbox 1449 2484 1508 2520; x_wconf 66' lang='lat' dir='ltr'>vel</span> <span class='ocrx_word' id='word_1_288' title='bbox 1536 2485 1687 2532; x_wconf 70' lang='lat' dir='ltr'>fructus</span> <span class='ocrx_word' id='word_1_289' title='bbox 1718 2484 1907 2520; x_wconf 74' lang='lat' dir='ltr'>bonorum</span> 
     </span>
     <span class='ocr_line' id='line_1_33' title="bbox 201 2539 1905 2589; baseline 0.002 -14"><span class='ocrx_word' id='word_1_290' title='bbox 201 2541 406 2577; x_wconf 72' lang='lat' dir='ltr'>stabilium</span> <span class='ocrx_word' id='word_1_291' title='bbox 445 2555 458 2574; x_wconf 63' lang='lat'>&gt;³</span> <span class='ocrx_word' id='word_1_292' title='bbox 505 2539 558 2581; x_wconf 82' lang='lat' dir='ltr'>(a.</span> <span class='ocrx_word' id='word_1_293' title='bbox 602 2541 728 2586; x_wconf 66' lang='lat'><strong>1654).</strong></span> <span class='ocrx_word' id='word_1_294' title='bbox 772 2542 1070 2587; x_wconf 80' lang='lat' dir='ltr'>Aliquantisper</span> <span class='ocrx_word' id='word_1_295' title='bbox 1113 2543 1327 2585; x_wconf 75' lang='lat' dir='ltr'>diversum,</span> <span class='ocrx_word' id='word_1_296' title='bbox 1379 2547 1420 2579; x_wconf 85' lang='lat' dir='ltr'>nt</span> <span class='ocrx_word' id='word_1_297' title='bbox 1460 2544 1629 2586; x_wconf 70' lang='lat' dir='ltr'>videtur,</span> <span class='ocrx_word' id='word_1_298' title='bbox 1673 2553 1905 2589; x_wconf 87' lang='lat' dir='ltr'>responsum</span> 
     </span>
     <span class='ocr_line' id='line_1_34' title="bbox 204 2600 1906 2650; baseline 0.002 -15"><span class='ocrx_word' id='word_1_299' title='bbox 204 2602 329 2636; x_wconf 78' lang='lat' dir='ltr'>suerat</span> <span class='ocrx_word' id='word_1_300' title='bbox 357 2612 363 2635; x_wconf 87' lang='lat'><strong>:</strong></span> <span class='ocrx_word' id='word_1_301' title='bbox 392 2614 406 2633; x_wconf 91' lang='lat'>«</span> <span class='ocrx_word' id='word_1_302' title='bbox 432 2601 635 2636; x_wconf 83' lang='lat' dir='ltr'>Decretum</span> <span class='ocrx_word' id='word_1_303' title='bbox 658 2600 697 2635; x_wconf 91' lang='lat' dir='ltr'>C.</span> <span class='ocrx_word' id='word_1_304' title='bbox 723 2600 785 2643; x_wconf 93' lang='lat' dir='ltr'>G.,</span> <span class='ocrx_word' id='word_1_305' title='bbox 810 2601 873 2642; x_wconf 87' lang='lat'><strong>111,</strong></span> <span class='ocrx_word' id='word_1_306' title='bbox 901 2611 979 2635; x_wconf 90' lang='lat' dir='ltr'>non</span> <span class='ocrx_word' id='word_1_307' title='bbox 1011 2602 1176 2647; x_wconf 80' lang='lat' dir='ltr'>intelligi</span> <span class='ocrx_word' id='word_1_308' title='bbox 1209 2603 1255 2637; x_wconf 88' lang='lat' dir='ltr'>de</span> <span class='ocrx_word' id='word_1_309' title='bbox 1286 2603 1452 2648; x_wconf 85' lang='lat' dir='ltr'>pecunia</span> <span class='ocrx_word' id='word_1_310' title='bbox 1484 2606 1635 2648; x_wconf 86' lang='lat' dir='ltr'>parata,</span> <span class='ocrx_word' id='word_1_311' title='bbox 1660 2602 1719 2639; x_wconf 39' lang='lat' dir='ltr'>&#39;rel</span> <span class='ocrx_word' id='word_1_312' title='bbox 1739 2603 1783 2638; x_wconf 77' lang='lat' dir='ltr'>(Ie</span> <span class='ocrx_word' id='word_1_313' title='bbox 1802 2604 1906 2650; x_wconf 79' lang='lat' dir='ltr'>sruc-</span> 
     </span>
     <span class='ocr_line' id='line_1_35' title="bbox 205 2660 1908 2706; baseline 0.001 -11"><span class='ocrx_word' id='word_1_314' title='bbox 205 2660 307 2695; x_wconf 72' lang='lat' dir='ltr'>lt&#39;bns</span> <span class='ocrx_word' id='word_1_315' title='bbox 339 2670 346 2694; x_wconf 75' lang='grc' dir='ltr'>ε</span> <span class='ocrx_word' id='word_1_316' title='bbox 380 2660 417 2694; x_wconf 81' lang='lat' dir='ltr'>lii</span> <span class='ocrx_word' id='word_1_317' title='bbox 449 2660 552 2695; x_wconf 87' lang='lat' dir='ltr'>enim</span> <span class='ocrx_word' id='word_1_318' title='bbox 584 2662 748 2704; x_wconf 87' lang='lat' dir='ltr'>possunt</span> <span class='ocrx_word' id='word_1_319' title='bbox 780 2660 890 2704; x_wconf 88' lang='lat' dir='ltr'>sequi</span> <span class='ocrx_word' id='word_1_320' title='bbox 922 2661 1135 2705; x_wconf 88' lang='lat' dir='ltr'>aliquando</span> <span class='ocrx_word' id='word_1_321' title='bbox 1167 2672 1389 2706; x_wconf 86' lang='lat' dir='ltr'>personam,</span> <span class='ocrx_word' id='word_1_322' title='bbox 1415 2663 1473 2697; x_wconf 78' lang='lat' dir='ltr'>vel</span> <span class='ocrx_word' id='word_1_323' title='bbox 1505 2662 1908 2705; x_wconf 77' lang='lat' dir='ltr'>aliomodo,ra110ne</span> 
     </span>
     <span class='ocr_line' id='line_1_36' title="bbox 204 2718 1906 2770; baseline 0.002 -17"><span class='ocrx_word' id='word_1_324' title='bbox 204 2719 336 2753; x_wconf 77' lang='lat' dir='ltr'>babila</span> <span class='ocrx_word' id='word_1_325' title='bbox 368 2728 622 2763; x_wconf 86' lang='lat' dir='ltr'>personarum</span> <span class='ocrx_word' id='word_1_326' title='bbox 654 2721 690 2753; x_wconf 87' lang='lat' dir='ltr'>et</span> <span class='ocrx_word' id='word_1_327' title='bbox 721 2719 899 2753; x_wconf 84' lang='lat' dir='ltr'>consulto</span> <span class='ocrx_word' id='word_1_328' title='bbox 931 2720 1126 2762; x_wconf 79' lang='lat' dir='ltr'>Generali,</span> <span class='ocrx_word' id='word_1_329' title='bbox 1153 2721 1374 2765; x_wconf 89' lang='lat' dir='ltr'>dispensari</span> <span class='ocrx_word' id='word_1_330' title='bbox 1401 2734 1414 2754; x_wconf 87' lang='lat'>»</span> <span class='ocrx_word' id='word_1_331' title='bbox 1442 2718 1497 2770; x_wconf 76' lang='lat' dir='ltr'>(a.</span> <span class='ocrx_word' id='word_1_332' title='bbox 1531 2722 1642 2764; x_wconf 72' lang='lat'><strong>1587,</strong></span> <span class='ocrx_word' id='word_1_333' title='bbox 1672 2718 1812 2769; x_wconf 77' lang='lat'><strong>1611);</strong></span> <span class='ocrx_word' id='word_1_334' title='bbox 1839 2721 1906 2757; x_wconf 83' lang='lat' dir='ltr'>secl</span> 
     </span>
     <span class='ocr_line' id='line_1_37' title="bbox 204 2778 1905 2816; baseline 0.002 -5"><span class='ocrx_word' id='word_1_335' title='bbox 204 2779 420 2812; x_wconf 80' lang='lat' dir='ltr'>addebatur</span> <span class='ocrx_word' id='word_1_336' title='bbox 445 2790 451 2812; x_wconf 89' lang='lat'>:</span> <span class='ocrx_word' id='word_1_337' title='bbox 481 2791 494 2810; x_wconf 85' lang='lat'>«</span> <span class='ocrx_word' id='word_1_338' title='bbox 522 2778 707 2813; x_wconf 83' lang='lat' dir='ltr'>Habenda</span> <span class='ocrx_word' id='word_1_339' title='bbox 728 2781 787 2813; x_wconf 89' lang='lat' dir='ltr'>est</span> <span class='ocrx_word' id='word_1_340' title='bbox 809 2781 938 2813; x_wconf 87' lang='lat' dir='ltr'>tamen</span> <span class='ocrx_word' id='word_1_341' title='bbox 971 2778 1070 2813; x_wconf 87' lang='lat' dir='ltr'>ratio</span> <span class='ocrx_word' id='word_1_342' title='bbox 1102 2779 1374 2815; x_wconf 75' lang='lat' dir='ltr'>a=di1icationis</span> <span class='ocrx_word' id='word_1_343' title='bbox 1405 2781 1635 2816; x_wconf 78' lang='lat' dir='ltr'>Nostrorum</span> <span class='ocrx_word' id='word_1_344' title='bbox 1656 2783 1692 2816; x_wconf 88' lang='lat' dir='ltr'>et</span> <span class='ocrx_word' id='word_1_345' title='bbox 1720 2781 1905 2816; x_wconf 85' lang='lat' dir='ltr'>Externo—</span> 
     </span>
    </p>
   </div>
   <div class='ocr_carea' id='block_1_7' title="bbox 204 2836 1906 3003">
    <p class='ocr_par' dir='ltr' id='par_1_10' title="bbox 204 2836 1906 3003">
     <span class='ocr_line' id='line_1_38' title="bbox 204 2836 1905 2883; baseline 0.002 -13"><span class='ocrx_word' id='word_1_346' title='bbox 204 2848 305 2871; x_wconf 87' lang='lat' dir='ltr'>rnm.</span> <span class='ocrx_word' id='word_1_347' title='bbox 345 2850 358 2868; x_wconf 58' lang='lat'>&gt;³</span> <span class='ocrx_word' id='word_1_348' title='bbox 392 2838 484 2881; x_wconf 45' lang='lat' dir='ltr'>(a.)</span> <span class='ocrx_word' id='word_1_349' title='bbox 515 2858 560 2861; x_wconf 82' lang='lat'>—</span> <span class='ocrx_word' id='word_1_350' title='bbox 593 2837 619 2871; x_wconf 78' lang='grc' dir='ltr'>Ε</span> <span class='ocrx_word' id='word_1_351' title='bbox 651 2840 787 2871; x_wconf 84' lang='lat' dir='ltr'>contra</span> <span class='ocrx_word' id='word_1_352' title='bbox 820 2836 858 2870; x_wconf 93' lang='lat' dir='ltr'>in</span> <span class='ocrx_word' id='word_1_353' title='bbox 892 2848 994 2881; x_wconf 83' lang='lat' dir='ltr'>resp.</span> <span class='ocrx_word' id='word_1_354' title='bbox 1036 2837 1134 2872; x_wconf 78' lang='grc'>1620</span> <span class='ocrx_word' id='word_1_355' title='bbox 1168 2839 1262 2882; x_wconf 41' lang='grc' dir='ltr'>ᾖα.)</span> <span class='ocrx_word' id='word_1_356' title='bbox 1291 2839 1571 2883; x_wconf 83' lang='lat' dir='ltr'>comprehensa</span> <span class='ocrx_word' id='word_1_357' title='bbox 1605 2840 1837 2875; x_wconf 87' lang='lat' dir='ltr'>dicebantur</span> <span class='ocrx_word' id='word_1_358' title='bbox 1865 2839 1905 2874; x_wconf 94' lang='lat' dir='ltr'>in</span> 
     </span>
     <span class='ocr_line' id='line_1_39' title="bbox 205 2896 1906 2943; baseline 0.002 -13"><span class='ocrx_word' id='word_1_359' title='bbox 205 2897 356 2930; x_wconf 63' lang='lat' dir='ltr'>‹tec-reto</span> <span class='ocrx_word' id='word_1_360' title='bbox 380 2896 564 2940; x_wconf 79' lang='lat' dir='ltr'>pecunias</span> <span class='ocrx_word' id='word_1_361' title='bbox 590 2898 627 2931; x_wconf 80' lang='lat' dir='ltr'>et</span> <span class='ocrx_word' id='word_1_362' title='bbox 649 2905 812 2933; x_wconf 77' lang='lat' dir='ltr'>census:</span> <span class='ocrx_word' id='word_1_363' title='bbox 837 2899 875 2930; x_wconf 91' lang='lat' dir='ltr'>at</span> <span class='ocrx_word' id='word_1_364' title='bbox 898 2896 1014 2930; x_wconf 88' lang='lat' dir='ltr'>simul</span> <span class='ocrx_word' id='word_1_365' title='bbox 1041 2908 1055 2929; x_wconf 80' lang='grc' dir='ltr'><strong>κ</strong></span> <span class='ocrx_word' id='word_1_366' title='bbox 1085 2896 1186 2931; x_wconf 79' lang='lat' dir='ltr'>inira</span> <span class='ocrx_word' id='word_1_367' title='bbox 1218 2907 1413 2932; x_wconf 86' lang='lat' dir='ltr'>summam</span> <span class='ocrx_word' id='word_1_368' title='bbox 1448 2898 1517 2933; x_wconf 83' lang='lat'><strong>100</strong></span> <span class='ocrx_word' id='word_1_369' title='bbox 1548 2908 1758 2933; x_wconf 89' lang='lat' dir='ltr'>aureorum</span> <span class='ocrx_word' id='word_1_370' title='bbox 1779 2900 1906 2943; x_wconf 85' lang='lat' dir='ltr'>potest</span> 
     </span>
     <span class='ocr_line' id='line_1_40' title="bbox 206 2955 1905 3003; baseline 0.002 -15"><span class='ocrx_word' id='word_1_371' title='bbox 206 2955 377 2999; x_wconf 86' lang='lat' dir='ltr'>permitti</span> <span class='ocrx_word' id='word_1_372' title='bbox 420 2968 434 2987; x_wconf 81' lang='lat'>»</span> <span class='ocrx_word' id='word_1_373' title='bbox 475 2955 693 2990; x_wconf 83' lang='lat' dir='ltr'>translatio.</span> <span class='ocrx_word' id='word_1_374' title='bbox 734 2976 782 2980; x_wconf 87' lang='lat'>—</span> <span class='ocrx_word' id='word_1_375' title='bbox 817 2955 1021 2990; x_wconf 83' lang='lat' dir='ltr'>Decretum</span> <span class='ocrx_word' id='word_1_376' title='bbox 1062 2965 1147 2990; x_wconf 90' lang='lat' dir='ltr'>sese</span> <span class='ocrx_word' id='word_1_377' title='bbox 1183 2956 1359 2991; x_wconf 85' lang='lat' dir='ltr'>extendit</span> <span class='ocrx_word' id='word_1_378' title='bbox 1395 2957 1444 2991; x_wconf 86' lang='lat' dir='ltr'>ad</span> <span class='ocrx_word' id='word_1_379' title='bbox 1484 2958 1683 3002; x_wconf 87' lang='lat' dir='ltr'>portiones</span> <span class='ocrx_word' id='word_1_380' title='bbox 1721 2957 1905 3003; x_wconf 78' lang='lat' dir='ltr'>legitimae</span> 
     </span>
    </p>
   </div>
   <div class='ocr_carea' id='block_1_8' title="bbox 206 3013 1905 3063">
    <p class='ocr_par' dir='ltr' id='par_1_11' title="bbox 206 3013 1905 3063">
     <span class='ocr_line' id='line_1_41' title="bbox 206 3013 1905 3063; baseline 0.002 -16"><span class='ocrx_word' id='word_1_381' title='bbox 206 3013 428 3059; x_wconf 85' lang='lat' dir='ltr'>patrimonii</span> <span class='ocrx_word' id='word_1_382' title='bbox 465 3014 516 3060; x_wconf 77' lang='lat' dir='ltr'>(a.</span> <span class='ocrx_word' id='word_1_383' title='bbox 562 3013 698 3062; x_wconf 56' lang='lat'>¹⁴³4&gt;¹)2</span> <span class='ocrx_word' id='word_1_384' title='bbox 735 3024 811 3048; x_wconf 85' lang='lat' dir='ltr'>non</span> <span class='ocrx_word' id='word_1_385' title='bbox 844 3016 973 3049; x_wconf 83' lang='lat' dir='ltr'>tamen</span> <span class='ocrx_word' id='word_1_386' title='bbox 1008 3014 1056 3048; x_wconf 90' lang='lat' dir='ltr'>ad</span> <span class='ocrx_word' id='word_1_387' title='bbox 1091 3014 1294 3059; x_wconf 81' lang='lat' dir='ltr'>pecuniam</span> <span class='ocrx_word' id='word_1_388' title='bbox 1326 3018 1503 3062; x_wconf 84' lang='lat' dir='ltr'>paratam</span> <span class='ocrx_word' id='word_1_389' title='bbox 1538 3017 1828 3063; x_wconf 74' lang='lat' dir='ltr'>provenientem</span> <span class='ocrx_word' id='word_1_390' title='bbox 1859 3026 1905 3052; x_wconf 88' lang='lat' dir='ltr'>ex</span> 
     </span>
    </p>
   </div>
   <div class='ocr_carea' id='block_1_9' title="bbox 2008 0 2112 3366">
    <p class='ocr_par' dir='ltr' id='par_1_12' title="bbox 2008 0 2112 3366">
     <span class='ocr_line' id='line_1_42' title="bbox 2008 0 2112 3366; baseline 0 0"><span class='ocrx_word' id='word_1_391' title='bbox 2008 0 2112 3366; x_wconf 95' lang='lat' dir='ltr'> </span> 
     </span>
    </p>
   </div>
   <div class='ocr_carea' id='block_1_10' title="bbox 2094 418 2143 646">
    <p class='ocr_par' dir='ltr' id='par_1_13' title="bbox 2094 418 2143 646">
     <span class='ocr_line' id='line_1_43' title="bbox 2094 418 2141 469; baseline -0.085 -14"><span class='ocrx_word' id='word_1_392' title='bbox 2094 418 2141 469; x_wconf 54' lang='lat' dir='ltr'>tegili</span> 
     </span>
     <span class='ocr_line' id='line_1_44' title="bbox 2096 486 2141 533; baseline 0 -16"><span class='ocrx_word' id='word_1_393' title='bbox 2096 486 2123 533; x_wconf 62' lang='lat' dir='ltr'>pit</span> <span class='ocrx_word' id='word_1_394' title='bbox 2133 494 2141 511; x_wconf 66' lang='lat' dir='ltr'>t*</span> 
     </span>
     <span class='ocr_line' id='line_1_45' title="bbox 2122 546 2143 580; baseline 0 0"><span class='ocrx_word' id='word_1_395' title='bbox 2122 546 2143 580; x_wconf 67' lang='lat' dir='ltr'>Po</span> 
     </span>
     <span class='ocr_line' id='line_1_46' title="bbox 2100 607 2143 646; baseline -0.093 -3"><span class='ocrx_word' id='word_1_396' title='bbox 2100 607 2143 646; x_wconf 64' lang='lat' dir='ltr'>salte</span> 
     </span>
    </p>
   </div>
   <div class='ocr_carea' id='block_1_11' title="bbox 2059 666 2145 708">
    <p class='ocr_par' dir='ltr' id='par_1_14' title="bbox 2059 666 2145 708">
     <span class='ocr_line' id='line_1_47' title="bbox 2059 666 2145 708; baseline -0.081 -4"><span class='ocrx_word' id='word_1_397' title='bbox 2059 693 2065 708; x_wconf 79' lang='lat'><strong>.</strong></span> <span class='ocrx_word' id='word_1_398' title='bbox 2102 666 2145 707; x_wconf 62' lang='lat'><strong>[1111]</strong></span> 
     </span>
    </p>
   </div>
   <div class='ocr_carea' id='block_1_12' title="bbox 2106 834 2144 867">
    <p class='ocr_par' dir='ltr' id='par_1_15' title="bbox 2106 834 2144 867">
     <span class='ocr_line' id='line_1_48' title="bbox 2106 834 2144 867; baseline -0.105 -6"><span class='ocrx_word' id='word_1_399' title='bbox 2106 834 2144 867; x_wconf 61' lang='lat' dir='ltr'>uni</span> 
     </span>
    </p>
   </div>
   <div class='ocr_carea' id='block_1_13' title="bbox 2109 945 2142 1042">
    <p class='ocr_par' dir='ltr' id='par_1_16' title="bbox 2109 945 2142 1042">
     <span class='ocr_line' id='line_1_49' title="bbox 2109 945 2141 983; baseline -0.188 -2"><span class='ocrx_word' id='word_1_400' title='bbox 2109 945 2141 983; x_wconf 64' lang='lat' dir='ltr'>sul,</span> 
     </span>
     <span class='ocr_line' id='line_1_50' title="bbox 2110 1004 2142 1042; baseline -0.094 0"><span class='ocrx_word' id='word_1_401' title='bbox 2110 1004 2142 1042; x_wconf 66' lang='lat' dir='ltr'>till</span> 
     </span>
    </p>
   </div>
   <div class='ocr_carea' id='block_1_14' title="bbox 2118 1291 2145 1389">
    <p class='ocr_par' dir='ltr' id='par_1_17' title="bbox 2118 1291 2145 1389">
     <span class='ocr_line' id='line_1_51' title="bbox 2118 1291 2145 1327; baseline -0.111 0"><span class='ocrx_word' id='word_1_402' title='bbox 2118 1291 2145 1327; x_wconf 76' lang='lat' dir='ltr'>obl</span> 
     </span>
     <span class='ocr_line' id='line_1_52' title="bbox 2120 1352 2145 1389; baseline -0.16 0"><span class='ocrx_word' id='word_1_403' title='bbox 2120 1352 2145 1389; x_wconf 78' lang='lat' dir='ltr'>all</span> 
     </span>
    </p>
   </div>
  </div>
 </body>
</html>
