2145 3366
265 247 342 286 :368
950 256 1061 285 PARS
1092 257 1284 285 ΔςΕΡΉΜΑ

265 439 400 472 nostro
421 437 605 472 Instituto
625 439 662 471 et
681 436 720 471 id
742 446 945 482 nunquam
968 437 1139 473 Societas
1161 437 1394 483 approbavit
1413 448 1419 471 :
1439 436 1607 482 speciem
1627 436 1731 472 enim
1753 437 1964 481 quamdam

265 496 381 532 habet
402 496 508 532 chori
533 496 586 542 (α.
614 492 743 545 1655).

316 587 333 615 2
353 590 465 626 Nulla
488 590 622 636 regula
652 590 827 637 praecipit
855 593 897 625 ut
918 590 1048 626 Nostri
1078 590 1211 626 adsint
1241 590 1423 636 vesperis
1444 601 1531 636 quae
1561 590 1601 625 in
1631 590 1778 626 nostris
1810 590 1966 636 templis

263 653 474 685 cantantur
495 649 547 695 (a.
579 647 687 684 1618)

679 689 684 698 s

317 743 332 769 3
364 758 379 778 «
417 745 594 781 Officium
628 744 888 780 Hebdomadae
921 744 1072 780 Sancta}
1102 746 1143 780 111
1176 745 1324 791 Regula
1357 745 1593 792 intelligitur
1626 755 1855 780 concessum
1882 745 1966 780 sine

264 804 490 851 przrjudicio
517 807 554 839 et
575 804 853 849 impedimento
875 804 1165 840 confessionum
1196 815 1282 850 quie
1312 807 1406 840 tunc
1436 805 1562 840 solent
1592 805 1815 850 trequentes
1837 814 1922 840 esse
1947 816 1962 838 »

264 864 316 911 (a.
353 863 482 910 1589).
519 864 738 899 Permissus
771 866 829 899 est
860 874 929 909 pro
963 864 1076 907 domo
1109 865 1288 900 Professa
1320 864 1497 900 Vilnensi
1531 867 1670 900 cantus
1703 864 1965 909 Vesperarum

265 924 478 966 modestus,
507 924 648 959 decens
674 926 792 968 atque
811 923 861 958 ad
892 923 1075 969 pietatem
1106 933 1323 969 provocans
1345 923 1400 965 (a.
1429 922 1561 973 1616),
1587 936 1602 957 «
1628 923 1724 959 Cum
1755 924 1871 969 primi
1893 924 1962 959 ΡΡ.

263 984 339 1019 ΝΝ.
361 984 452 1018 011111
474 983 711 1018 attraxerint
729 983 917 1028 populum
939 983 1208 1025 concionibus,
1234 984 1489 1029 studiosaque
1510 986 1789 1018 consuetorum
1810 986 1965 1019 nostro-

263 1053 351 1078 rum
371 1042 681 1078 ministeriorum
702 1042 981 1078 exercitatione
1001 1043 1131 1088 potius
1153 1053 1272 1088 quam
1293 1046 1433 1078 cantus
1456 1043 1651 1078 suavitate
1673 1043 1799 1078 tacere
1818 1043 1966 1088 potuis-

263 1105 363 1145 sent,
382 1112 460 1138 non
476 1101 631 1137 videtur
648 1104 788 1137 cantus
799 1101 1062 1147 Vesperarum
1077 1112 1121 1137 ac
1136 1102 1381 1138 Litaniarum
1402 1102 1442 1137 in
1460 1103 1605 1148 templo
1621 1102 1765 1138 Domus
1780 1103 1966 1148 protessae

262 1161 562 1207 Antverpiensis
592 1161 865 1196 concedendus
890 1174 905 1194 »
936 1161 992 1208 (a.
1020 1161 1152 1208 1622).
1176 1161 1227 1197 1)6
1256 1165 1385 1197 11161116
1406 1162 1444 1198 S.
1476 1162 1587 1197 Sedis
1617 1162 1719 1197 circa
1749 1165 1908 1197 cantum
1929 1164 1966 1197 et

263 1222 453 1257 musicam
473 1221 513 1256 in
529 1220 709 1256 Ecclesiis
731 1220 1014 1263 adhibendum,
1033 1221 1082 1256 ct.
1101 1221 1243 1257 Bened.
1262 1221 1361 1258 XIV.
1380 1225 1403 1258 Α
1417 1231 1516 1257 rmus
1535 1221 1618 1268 quvi,
1645 1221 1691 1257 19
1714 1221 1811 1257 febr.
1839 1221 1939 1257 1749
1955 1232 1963 1264 ;

265 1302 310 1306 —-
333 1283 370 1317 et
391 1280 525 1316 Ordin.
552 1282 590 1315 S.
616 1280 656 1316 C.
681 1280 776 1322 Bit..
801 1280 850 1315 25
870 1283 969 1326 sept.
996 1280 1112 1316 1884.
1136 1279 1249 1327 (Λεία
1270 1283 1312 1317 S.
1336 1280 1461 1324 Sedis,
1484 1284 1512 1316 t.
1537 1281 1654 1323 XVII,
1679 1291 1717 1327 p.
1743 1280 1851 1328 340).

315 1341 469 1387 Organa
496 1339 655 1375 nonnisi
686 1340 886 1375 moderate
915 1339 1090 1376 admissa
1121 1343 1228 1383 sunt,
1264 1350 1308 1376 ea
1335 1340 1484 1376 scilicet
1512 1340 1664 1376 ratione
1693 1343 1736 1376 ut
1770 1341 1966 1376 foveretur

262 1400 429 1443 devotio,
459 1403 498 1435 at
518 1402 748 1435 arcerentur
777 1399 941 1441 abusus,
966 1402 1009 1435 ut
1029 1402 1136 1445 patet
1156 1410 1203 1436 ex
1224 1410 1333 1445 seqq.
1361 1412 1376 1433 «
1408 1400 1563 1446 Organa
1592 1410 1778 1446 reponere
1806 1400 1966 1436 Vienna}

262 1470 340 1495 non
362 1459 533 1505 expedit,
558 1469 646 1494 cum
669 1459 721 1495 sit
739 1469 802 1494 res
820 1462 962 1504 praeter
984 1459 1215 1495 Institutum
1243 1462 1435 1495 nostrum.
1463 1459 1669 1495 Mallemus
1690 1459 1850 1495 Nostros
1870 1459 1964 1495 dili-

261 1519 418 1566 gentius
441 1519 668 1554 incumbere
689 1518 730 1554 in
752 1519 973 1555 ministeria
1004 1519 1163 1565 propria
1185 1519 1389 1555 Societatis
1422 1532 1436 1552 »
1463 1524 1515 1565 (as.
1540 1519 1694 1562 Austr.‚
1719 1518 1848 1565 1587).
1870 1519 1966 1554 Τ11111

262 1579 379 1624 paulo
400 1579 535 1614 mitius
557 1589 565 1613 :
594 1591 608 1611 «
635 1578 788 1624 Organa
809 1581 901 1614 ante
922 1578 1138 1615 triennium
1160 1579 1320 1614 Viennae
1341 1579 1498 1615 sublata
1520 1581 1613 1615 sunt
1640 1581 1798 1624 propter
1819 1579 1965 1614 incom-

262 1638 375 1674 moda
408 1638 524 1674 isthic
545 1641 767 1683 comperta;
801 1638 1063 1674 restituantur
1083 1638 1138 1674 ita
1162 1641 1204 1674 ut
1228 1642 1407 1674 servetur
1437 1639 1577 1674 modus
1598 1638 1638 1673 in
1665 1638 1720 1673 eis
1741 1638 1962 1683 pulsandis,

261 1701 305 1733 ut
327 1698 476 1733 modice
494 1700 531 1733 et
553 1707 668 1743 parce
692 1697 730 1733 id
756 1697 823 1733 fiat
850 1711 864 1730 »
890 1697 943 1743 (a.
966 1698 1121 1742 Austr.,
1148 1697 1282 1745 1590).
1317 1711 1332 1731 «
1358 1698 1503 1744 Organi
1525 1708 1621 1733 usus
1644 1697 1817 1743 permitti
1839 1700 1966 1743 potest

262 1757 302 1792 in
323 1757 632 1803 Congregatione
661 1757 820 1803 Collegii
849 1757 1036 1802 Aquilani
1067 1758 1117 1793 ad
1147 1757 1400 1793 excitandum
1431 1758 1623 1793 fervorem
1653 1759 1690 1792 et
1720 1757 1965 1793 devotionem

262 1816 463 1852 Sodalium
485 1816 525 1851 in
546 1826 590 1852 ea
608 1817 766 1852 civitate
786 1829 800 1850 »
820 1816 871 1862 ((1.
896 1817 1031 1862 Neap..
1055 1817 1099 1852 21
1124 1817 1195 1863 jul.
1224 1817 1351 1863 1607).
1379 1830 1394 1850 «
1415 1817 1569 1862 Organa
1588 1816 1851 1863 permittenda
1873 1820 1966 1852 sunt

262 1876 329 1911 ubi
360 1876 583 1912 introducta
613 1876 697 1911 sine
718 1876 932 1911 offensione
953 1876 1036 1911 tolli
1068 1886 1146 1911 non
1168 1879 1348 1922 possunt.
1380 1876 1637 1921 Bransbergae
1658 1876 1851 1921 permissa
1872 1878 1964 1911 sunt

262 1938 392 1971 vetera
425 1936 598 1981 reparari
629 1945 677 1971 ex
707 1935 966 1981 eleemosynis
999 1948 1013 1968 ι)
1042 1936 1095 1981 (a.
1132 1936 1261 1981 1591).
1297 1949 1311 1968 «
1347 1935 1545 1982 Organum
1577 1936 1617 1971 in
1647 1935 1790 1981 templo
1820 1935 1964 1971 Domus
2013 1981 2016 1986 ι
2056 1928 2058 1933 ’

261 1995 449 2041 professa*
479 1995 633 2030 admitti
662 1997 803 2040 potest,
828 1995 860 2030 si
882 1995 931 2030 ad
958 1995 1204 2031 devotionem
1226 1995 1359 2041 populi
1380 1996 1597 2031 conducere
1613 1995 1827 2040 judicatur,
1854 1995 1965 2030 dum-

262 2054 376 2090 modo
398 2055 449 2090 sit
477 2054 620 2089 mobile
648 2067 662 2087 >›
687 2051 743 2102 (a.
769 2054 888 2097 Lith.‚
914 2054 961 2089 24
982 2054 1064 2100 Jan.
1091 2054 1218 2100 1616).
1245 2068 1259 2087 «
1286 2054 1381 2090 Cum
1403 2057 1586 2100 ageretur
1607 2054 1654 2090 de
1674 2055 1797 2090 altero
1818 2064 1964 2099 organo

262 2113 302 2149 in
324 2114 468 2159 templo
486 2114 631 2149 Domus
649 2114 835 2159 protessae
854 2114 1038 2149 Romana¹
1058 2114 1257 2160 erigendo,
1277 2114 1377 2150 dixit
1396 2114 1441 2149 R.
1460 2114 1498 2150 P.
1519 2114 1562 2149 N.
1582 2114 1758 2159 (Mutius)
1777 2125 1784 2148 :
1807 2114 1964 2149 Utinam

261 2173 417 2209 nullum
439 2176 542 2209 esset
558 2173 718 2209 tactum.
740 2173 780 2208 P.
800 2173 987 2209 Claudius
1009 2184 1088 2209 non
1108 2173 1346 2209 consultavit
1361 2174 1519 2219 quando
1538 2174 1709 2219 primum
1730 2173 1920 2209 concessit
1946 2186 1959 2205 »

262 2232 315 2278 (a.
340 2233 428 2277 CC..
454 2233 476 2268 2
498 2235 615 2268 mart.
642 2232 772 2279 1623).

320 2305 335 2326 «
359 2292 529 2328 Tolerari
548 2302 626 2327 non
648 2292 762 2328 debet
783 2293 886 2338 quod
918 2293 1149 2338 permiserat
1170 2293 1350 2328 Halensis
1370 2293 1522 2336 Rector,
1545 2296 1587 2328 ut
1611 2291 1740 2328 Nostri
1761 2294 1965 2328 conterant

264 2354 417 2399 tempus
444 2352 485 2387 in
510 2351 697 2387 discenda
723 2355 806 2388 arte
828 2352 1012 2398 pulsandi
1034 2363 1181 2397 organa
1208 2366 1222 2385 »
1249 2358 1301 2398 (a.
1327 2353 1440 2389 Prov.
1465 2353 1614 2394 Germ..
1639 2351 1683 2387 19
1706 2354 1804 2398 sept.
1832 2351 1960 2398 1643).

262 2412 319 2447 Ct.
341 2422 496 2458 quoque
514 2421 633 2456 supra
654 2422 694 2447 n.
722 2411 810 2447 145.

314 2504 331 2531 4
346 2506 530 2542 Rationes
544 2517 631 2552 qua*
647 2507 685 2542 S.
704 2507 743 2542 P.
765 2507 960 2551 Ignatium
977 2510 1183 2543 moverunt
1198 2508 1247 2543 ad
1263 2507 1388 2543 officia
1405 2507 1594 2543 solemnia
1607 2517 1686 2542 non
1703 2506 1961 2550 admittenda,

262 2566 422 2612 gravius
444 2566 558 2601 hodie
579 2569 735 2612 urgent,
765 2576 835 2602 nec
856 2567 976 2601 ullius
1010 2570 1102 2602 sunt
1132 2567 1316 2612 ponderis
1347 2566 1518 2602 rationes
1541 2577 1628 2612 qua*
1656 2566 1696 2601 in
1727 2566 1962 2601 contrariam

262 2629 413 2672 partem
443 2626 664 2661 atteruntur
688 2625 729 2672 (f.
760 2626 802 2661 17
826 2629 924 2671 sept.
954 2626 1081 2671 1836).
1108 2627 1150 2661 111
1171 2627 1269 2672 ipsis
1290 2626 1412 2672 igitur
1432 2626 1614 2671 Collegiis
1642 2626 1723 2661 haic
1749 2625 1874 2660 otlicia
1894 2635 1966 2660 nec

263 2685 562 2731 multiplicanda
578 2696 648 2721 nec
666 2685 831 2721 nimium
854 2686 1119 2731 protrahenda
1141 2689 1246 2722 sunt.
1270 2686 1374 2721 Satis
1392 2688 1450 2721 est
1466 2688 1523 2728 ut,
1542 2685 1582 2720 iu
1597 2684 1806 2730 przrcipuis
1828 2684 1965 2720 solem—

262 2745 469 2787 nitatibus,
495 2755 563 2790 per
584 2745 719 2780 horam
741 2755 829 2780 cum
848 2744 1011 2780 dimidia
1037 2755 1163 2787 mane,
1182 2748 1218 2780 et
1241 2755 1308 2790 per
1330 2745 1433 2781 idem
1455 2748 1609 2790 tempus
1633 2754 1793 2790 vespere
1812 2743 1964 2779 alumni

263 2805 303 2839 111
325 2805 469 2849 templo
490 2804 741 2839 detineantur
762 2805 803 2851 (s.
829 2804 844 2838 1
870 2807 985 2839 mart.
1014 2804 1143 2850 1836).
1170 2804 1219 2840 At
1247 2804 1375 2849 quoad
1396 2814 1462 2839 eas
1486 2804 1771 2839 ecclesiasticas
1791 2802 1963 2838 111116110-

264 2874 331 2899 nes
353 2874 440 2908 quae
462 2864 585 2899 nostri
609 2864 784 2899 Instituti
806 2867 899 2899 sunt
920 2864 1101 2908 propriw,
1127 2864 1257 2899 debite
1275 2864 1315 2898 in
1334 2864 1477 2899 ritibus
1495 2865 1753 2898 exerceantur
1773 2862 1901 2898 Nostri
1925 2862 1963 2897 in

264 2923 449 2958 homibus
481 2923 722 2968 probationis
755 2926 790 2958 et
826 2923 995 2958 maxime
1028 2923 1066 2957 in
1098 2923 1314 2958 Seminario
1346 2922 1562 2968 theologico
1590 2919 1638 2966 (c.
1673 2922 1782 2957 Prov.
1817 2921 1959 2963 Tolos.‚

268 2982 395 3028 1856).
