2145 3366
8 2667 47 2703 lteri

3 2726 45 2763 ¹32¹.

2 2797 45 2823 imi.

2 2845 47 2884 occi-

5 2907 45 2944 mit·

5 3043 43 3083 pti·

716 285 954 320 REQUISITA
988 285 1032 312 ix
1066 284 1341 311 ‹ti-xxmmris
1832 272 1877 310 41

174 471 384 515 petratum.
420 464 730 500 Constitutiones
767 463 925 508 quidem
961 463 1146 498 videntur
1178 462 1284 506 loqui
1319 462 1365 496 de
1399 462 1481 496 sola
1513 463 1785 507 cooperatione
1817 473 1884 507 per

175 527 402 563 mandatum
425 536 432 559 :
456 534 534 569 qua
556 533 647 559 vero
670 523 819 558 ratione
840 523 1077 558 extendatur
1102 522 1151 556 ad
1173 521 1272 556 alios
1291 521 1525 566 cooperandi
1550 522 1700 564 modos,
1725 522 1883 558 exhibet

173 595 340 632 sequens
367 593 601 629 responsum
627 594 633 617 :
668 595 682 616 «
709 582 903 618 Censendi
935 584 1027 616 sunt
1059 581 1202 615 hahere
1230 580 1572 626 impedimentum,
1598 581 1680 626 qui,
1708 592 1882 618 commu-

171 647 299 682 nicato
320 644 498 685 consilio,
516 644 571 678 ita
592 642 720 677 conati
744 644 837 677 sunt
858 641 1064 676 inimicum
1082 641 1142 675 vel
1161 640 1324 675 ensibus
1344 640 1404 675 vel
1424 640 1670 686 exp10d‹=11‹lo
1689 642 1878 681 occidere,

173 708 214 741 ut
235 714 357 740 unum
385 703 592 738 dumtaxat
620 701 765 737 vulnus
792 700 985 746 acceperit
1007 710 1053 735 ex
1076 710 1152 745 quo
1181 702 1361 735 mortuus
1391 700 1463 735 tuit
1491 711 1497 734 :
1531 703 1613 735 tum
1635 701 1728 745 quia
1751 702 1883 746 quivis

170 767 352 801 censetur
375 772 446 798 sua
469 761 710 803 assistentia,
737 760 979 795 animatione
999 762 1036 795 et
1057 759 1328 805 cooperatione
1348 759 1597 795 concurrisse
1619 760 1673 804 (P.
1698 761 1725 802 Ι,
1751 772 1783 795 c.
1806 762 1878 807 111),

171 828 253 860 tum
273 823 366 868 quia
387 823 428 857 in
447 821 567 857 dubio
588 821 702 856 debet
721 819 925 855 Generalis
949 829 1027 854 non
1049 828 1135 854 esse
1157 818 1299 855 facilis.
1325 818 1457 864 potius
1479 818 1628 854 scilicet
1649 820 1881 855 resolvendo

169 893 239 929 pro
267 882 493 927 integritate
523 879 879 921 Constitutionum,
911 888 1030 923 quam
1065 877 1209 923 privati
1243 877 1435 919 hominis,
1468 878 1526 912 uti
1559 878 1718 921 Suarez,
1753 882 1778 915 t.
1815 880 1878 919 IV,

169 945 281 978 tract.
307 940 343 978 9.
374 941 400 976 Ι.
425 940 470 983 ΙΙ,
501 950 534 975 c.
558 950 585 983 1,
614 949 654 975 n.
682 938 744 981 13,
774 937 842 973 fin.
882 938 1008 973 Etiam
1036 937 1153 973 habet
1182 937 1512 982 impedimentum
1542 937 1610 982 qui
1644 938 1771 973 amico
1810 949 1881 974 suo

167 1000 355 1036 incidenti
375 1000 416 1034 in
437 998 643 1034 inimicum
661 998 761 1033 dixit
781 1009 788 1032 :
815 996 925 1040 Fer&
947 997 980 1032 si
999 996 1151 1032 amicus
1170 997 1346 1032 feriendo
1367 997 1566 1032 occiderit.
1585 997 1754 1033 Tametsi
1775 999 1880 1034 enim

168 1059 476 1096 Constitutiones
497 1058 552 1103 (P.
572 1058 601 1101 Ι,
625 1067 656 1093 c.
677 1058 703 1103 1)
726 1057 936 1092 videantur
959 1057 1062 1092 solos
1084 1056 1173 1091 illos
1194 1056 1402 1092 excludere
1422 1056 1504 1101 qui,
1530 1060 1674 1102 przeter
1696 1059 1880 1094 manuale

166 1119 438 1160 homicidium,
463 1118 676 1153 deliberate
704 1117 961 1152 mandassent
986 1116 1057 1161 (sic
1085 1115 1190 1151 onim
1218 1116 1396 1160 loquitur
1422 1119 1459 1151 et
1480 1117 1685 1161 respondit
1708 1118 1748 1153 P.
1774 1118 1880 1164 Lugo

167 1189 210 1214 ac
230 1179 339 1214 (locet
366 1178 495 1219 Palao,
518 1177 558 1211 P.
584 1177 650 1219 ΙΙΙ,
672 1179 699 1211 t.
726 1176 823 1217 XVI,
849 1175 952 1221 disp.
986 1175 1018 1217 Ι,
1044 1185 1081 1220 p.
1107 1174 1143 1217 8,
1168 1185 1208 1210 n.
1239 1175 1314 1220 18),
1346 1176 1482 1220 praxis
1511 1179 1643 1211 tamen
1672 1176 1880 1213 Societatis

166 1241 202 1274 et
222 1237 432 1283 epocatio
450 1236 702 1272 Generalium
717 1234 893 1270 extendit
908 1235 958 1270 ad
971 1235 1133 1280 quosvis
1148 1234 1360 1270 efficaciter
1377 1239 1630 1280 cooperantes
1645 1248 1660 1269 »
1675 1236 1727 1282 (α.
1744 1236 1875 1283 1638).

166 1297 209 1333 Et
230 1296 338 1332 aliud
361 1296 490 1331 simile
510 1295 655 1342 prodiit
679 1304 916 1340 responsum
940 1294 1076 1329 eodem
1103 1303 1222 1336 anno,
1246 1296 1283 1329 et
1305 1304 1370 1330 an.
1398 1293 1498 1329 1639
1524 1305 1531 1329 :
1555 1294 1715 1340 jamque
1751 1296 1879 1332 decla-

166 1360 274 1392 ratus
296 1357 424 1397 fuerat
450 1355 670 1390 incurrisse
697 1353 1026 1399 impedimentum
1058 1353 1126 1398 qui
1154 1354 1427 1399 procuraverit
1460 1354 1645 1390 abortum
1667 1355 1718 1400 (a.
1746 1355 1876 1401 1622).

167 1416 215 1451 At
241 1426 288 1451 ex
317 1415 449 1451 indole
475 1415 561 1460 ipsa
590 1414 707 1450 istius
730 1413 1070 1459 interpretationis
1092 1413 1331 1460 intelligitur
1353 1414 1549 1459 quomodo
1577 1414 1818 1459 quibusdam
1839 1416 1879 1451 in

166 1475 323 1511 casibus
344 1474 516 1520 potuerit
536 1484 599 1510 res
622 1474 760 1510 mitius
780 1473 958 1509 tractari.
985 1473 1047 1508 Sic
1066 1486 1081 1506 «
1102 1473 1274 1509 suadens
1295 1474 1479 1509 abortum
1502 1484 1580 1509 non
1601 1477 1660 1510 est
1679 1475 1880 1520 judicatus

166 1535 309 1571 hahere
339 1534 667 1580 impedimentum
700 1533 932 1576 essentiale;
968 1533 1135 1578 ideoque
1166 1533 1303 1578 jussus
1335 1536 1393 1569 est
1424 1534 1586 1569 retineri
1617 1534 1658 1569 in
1689 1534 1880 1571 Societate

166 1595 339 1630 novitius
366 1595 435 1640 qui
463 1597 643 1629 suaserat
669 1607 684 1626 »
716 1594 769 1638 (a.
798 1593 929 1639 1655).
961 1593 1006 1628 Et
1040 1605 1054 1625 «
1079 1592 1148 1638 qui
1174 1593 1328 1628 vocavit
1356 1593 1520 1629 sicarios
1547 1594 1597 1630 ad
1622 1594 1879 1631 occidendum

165 1654 384 1697 inimicum,
407 1657 540 1690 secuto
561 1653 787 1689 homicidio.
809 1663 887 1688 non
907 1653 1024 1688 habet
1046 1653 1206 1697 quidem
1228 1652 1569 1698 impedimentum,
1592 1664 1681 1689 cum
1703 1665 1773 1690 nec
1793 1665 1881 1701 pro-

165 1713 250 1760 pria
272 1723 392 1749 manu
413 1713 613 1755 occiderit,
638 1723 709 1748 nec
724 1713 901 1758 iusserit.
926 1712 1010 1747 Non
1029 1712 1187 1748 videtur
1208 1716 1339 1748 tamen
1362 1713 1648 1757 admittendus,
1666 1714 1745 1750 nisi
1766 1715 1881 1751 valde

165 1773 353 1819 praeclara
375 1773 517 1809 habeat
538 1773 687 1808 talenta
713 1785 728 1805 »
753 1772 806 1818 (α.
832 1772 964 1818 1640).

218 1838 254 1874 4⁰
276 1838 333 1875 Sit
354 1843 514 1875 certum.
540 1838 595 1873 Ex
617 1838 748 1880 dictis,
776 1838 817 1874 in
839 1838 959 1873 dubio
982 1838 1035 1874 ita
1059 1838 1320 1884 judicandum
1345 1849 1367 1874 a
1388 1839 1429 1874 P.
1452 1839 1649 1879 Generali,
1675 1843 1718 1876 ut
1738 1841 1878 1877 diffici-

164 1899 240 1934 lem
261 1909 302 1934 se
324 1899 512 1945 praebeat.
540 1910 555 1932 «
578 1897 675 1934 Cum
699 1898 848 1934 novitio
873 1898 942 1944 qui
964 1898 1190 1943 procuravit
1212 1899 1311 1934 duos
1339 1899 1502 1935 abortus
1523 1902 1615 1935 ante
1635 1900 1876 1946 ingressum.

165 1959 233 1994 sed
262 1958 461 1994 dubitavit
488 1968 540 1994 an
571 1959 690 1994 toetus
719 1961 821 1994 esset
850 1958 1066 2001 animatus,
1092 1958 1366 2004 dispensatum
1397 1962 1456 1995 est
1488 1963 1678 2005 tanquam
1709 1961 1830 1997 dubio
1858 1972 1879 1997 a

164 2018 204 2054 P.
228 2018 350 2054 Mutio
377 2031 392 2051 »
417 2018 470 2064 (a.
498 2017 630 2063 1616).

218 2084 258 2119 5ο
288 2084 427 2120 Utrum
461 2084 691 2129 requiratur
723 2083 949 2131 publicum,
986 2087 1055 2119 aut
1089 2084 1263 2120 sufficiat
1296 2085 1516 2129 occultum,
1552 2086 1875 2124 controvertitur.

164 2144 348 2180 Sufficere
367 2144 563 2180 occultum
583 2146 688 2179 tenet
710 2143 852 2180 Suarez
876 2144 917 2188 (l.
940 2154 990 2186 c.,
1016 2144 1042 2180 1.
1068 2144 1115 2186 II,
1137 2154 1170 2179 c.
1192 2155 1218 2185 1,
1244 2155 1284 2180 n.
1306 2144 1368 2187 10,
1392 2148 1429 2181 et
1451 2145 1578 2191 sqq.);
1603 2150 1720 2193 negat
1749 2148 1878 2192 quoad

163 2203 489 2246 occultissimum,
516 2214 563 2239 ex
584 2213 661 2249 quo
689 2203 800 2238 nulla
828 2206 888 2239 est
915 2203 1094 2245 infamia,
1119 2204 1235 2239 Palao
1260 2204 1302 2250 (Ι.
1329 2215 1380 2247 c.,
1405 2215 1445 2240 n.
1474 2205 1550 2250 17).
1576 2225 1626 2231 -
1658 2218 1673 2239 «
1702 2206 1784 2241 Non
1819 2210 1879 2242 est

163 2273 319 2308 aequum
334 2266 376 2299 ut
391 2262 627 2298 Provinciali
644 2263 760 2299 detur
773 2265 948 2308 potestas
964 2263 1193 2299 declarandi
1212 2264 1371 2309 quando
1387 2264 1644 2300 homicidium
1663 2269 1721 2301 est
1739 2266 1877 2301 volun-

162 2322 320 2365 tarIum,
345 2323 406 2358 vel
429 2333 523 2365 non,
547 2323 641 2369 quia
666 2333 746 2358 non
767 2323 852 2358 sine
873 2333 993 2358 causa
1010 2322 1321 2359 Constitutiones
1342 2323 1382 2359 id
1404 2327 1608 2360 reservant
1630 2324 1828 2361 Generali.
1856 2340 1869 2359 »

162 2381 212 2428 (a.
242 2382 375 2428 1587.)
400 2395 415 2415 «
441 2382 555 2418 Nullo
576 2383 691 2418 modo
712 2383 842 2418 visum
863 2386 922 2418 est
943 2383 1156 2428 petendum
1180 2393 1265 2419 esse
1292 2394 1314 2419 a
1336 2384 1439 2429 Papa
1463 2394 1534 2429 pro
1555 2385 1874 2421 Provincialibus

162 2441 326 2486 Indicis,
359 2446 401 2478 ut
435 2441 587 2488 possint
631 2442 840 2478 admittere
869 2443 911 2478 in
944 2442 1176 2478 Societatem
1207 2443 1387 2479 homines
1421 2444 1636 2487 militares,
1685 2445 1876 2481 obnoxios

162 2500 371 2537 homicidio
397 2501 621 2537 voluntario
645 2513 652 2537 ε
678 2502 772 2547 quia
792 2502 859 2537 vix
879 2501 966 2537 dari
994 2504 1121 2547 potest
1144 2512 1274 2546 casus,
1300 2503 1341 2538 in
1362 2513 1439 2548 quo
1470 2503 1665 2549 ejusmodi
1693 2504 1874 2540 homines

163 2563 363 2607 tantopere
384 2562 541 2597 valeant
561 2561 700 2607 juvare
721 2561 953 2598 Societatem
977 2575 992 2595 »
1021 2562 1074 2607 (a.
1100 2561 1232 2607 1590).

218 2701 266 2745 30
291 2701 366 2745 An
393 2702 606 2746 habitum
637 2703 832 2761 aliqu'us
864 2702 1122 2761 Religionis
1152 2703 1350 2747 fratrum
1381 2703 1451 2747 vel
1487 2704 1768 2749 clericorum
1799 2705 1872 2749 vel
1932 2719 1948 2744 2

162 2792 244 2836 per
262 2793 413 2823 unum
439 2780 566 2824 diem
589 2781 837 2839 gestaverit
867 2794 920 2824 eo
942 2786 1101 2825 tamen
1132 2781 1288 2825 animo
1317 2787 1369 2825 ut
1397 2782 1455 2826 sit
1483 2782 1760 2840 religiosus,
1795 2789 1875 2828 aut

162 2857 354 2901 eremita
371 2871 478 2901 cum
498 2858 706 2902 vestibus
728 2858 1086 2903 monachalibus
1106 2859 1259 2902 fuerit.
1278 2859 1401 2915 (Ex.,
1424 2872 1474 2915 11,
1493 2859 1607 2904 3.—
1623 2859 1716 2904 Cst.
1738 2860 1773 2917 I,
1798 2874 1868 2918 111,

159 2933 203 2987 5,
219 2933 294 2989 Ε.)
316 2935 382 2978 De
400 2949 511 2979 casu
530 2950 620 2994 quo
638 2936 741 2994 quis
759 2935 974 2980 habitum
989 2941 1124 2981 aetate
1141 2937 1309 2994 puerili
1327 2937 1601 2994 sumpserit,
1618 2942 1698 2981 aut
1715 2939 1872 2981 minus

163 3024 300 3070 quam
327 3026 420 3056 uno
450 3013 540 3069 die,
567 3013 744 3070 judicet
773 3013 1032 3057 Generalis
1059 3013 1128 3071 (C.
1154 3014 1229 3070 G„
1253 3014 1334 3070 Xl,
1367 3014 1413 3057 in
1437 3014 1558 3073 Epit.
1584 3015 1633 3058 P.
1659 3015 1703 3071 1,
1731 3030 1776 3059 n.
1808 3016 1872 3074 9.)
