2145 3366
695 219 752 248 DE
782 217 1052 248 PRIVILEGIIS
1086 218 1345 247 soen-:TATIS
1798 209 1875 246 485)

1004 306 1086 313 .——-.

24 382 27 387 ’
50 400 67 406 “
102 433 105 438 .
167 396 453 440 recitationis
472 394 629 449 oflicii,
662 394 717 437 ad
741 393 1081 451 indulgentiam
1107 393 1399 438 sabbatinam
1423 392 1695 437 lucrandam
1726 394 1874 451 impo-

166 474 291 517 sitas.
335 472 608 516 Sacerdotes
652 472 798 515 nostri
844 485 927 528 pro
981 470 1403 514 communicatione
1455 471 1595 528 huJ'us
1647 471 1875 529 privilegii

19 548 103 593 wli,
165 555 407 594 recurrant
433 550 489 593 ad
518 549 567 593 P.
599 548 895 593 Generalem.
930 548 1107 605 (Comp.
1140 547 1262 601 400.)
1289 548 1350 591 Dc
1379 553 1547 592 caetero
1571 562 1707 606 grave
1729 548 1875 606 impe-

54 636 58 646 *
90 641 93 644 ·
164 627 424 670 dimentum
448 627 547 684 ipso
567 626 685 670 sacto
708 626 946 684 dispensat
964 625 1021 669 ab
1038 624 1190 668 officio
1214 630 1259 668 et
1277 624 1572 669 abstinentia.
1592 624 1697 669 Non
1717 630 1873 669 autem

163 704 348 748 videtur
375 703 625 761 'probanda
665 702 969 747 commutatio
1006 702 1269 759 przesertim
1304 707 1547 760 perpetua,
1591 715 1673 759 pro
1711 702 1874 760 quovis

164 782 252 826 levi
281 781 460 825 futilive
483 785 727 838 praetextu.

223 860 271 903 20
297 858 386 912 Qui
409 858 591 902 obtinet
611 872 637 902 a
658 857 874 902 Generali
895 856 1250 901 Carmelitarum
1282 856 1549 902 facultatem
1580 857 1874 915 personalem

163 936 389 980 induendi
429 935 765 980 Christifideles
807 933 1044 992 Scapulari
1081 938 1182 992 (per
1219 934 1575 979 Procuratorem
1609 935 1875 994 generalem

30 1016 96 1060 ss·
162 1019 377 1058 nostrum
423 1013 479 1057 de
518 1013 704 1057 licentia
742 1012 987 1070 respectivi
1039 1011 1342 1056 Provincialis
1389 1012 1657 1070 petendam)
1696 1013 1877 1058 obtinet

161 1091 301 1136 simul
332 1091 629 1149 plerumque,
663 1090 876 1147 quamvis
908 1103 1002 1134 non
1038 1090 1138 1147 ipso
1168 1089 1304 1145 facto,
1333 1089 1629 1148 privilegium
1664 1104 1875 1135 commu-

162 1169 289 1214 tandi
323 1168 614 1226 supradictas
651 1167 975 1229 obligationes,
1019 1167 1302 1226 aggregandi
1339 1167 1397 1211 ad
1441 1167 1874 1213 confraternitatem

66 1258 72 1273 ⁴
92 1268 95 1301 ;
160 1246 212 1290 D.
239 1246 296 1290 N.
323 1246 494 1290 Montis
513 1245 728 1296 Carmeli.
749 1244 1028 1289 admittendi
1051 1244 1107 1288 ad
1125 1244 1533 1302 participationem
1560 1245 1875 1303 spiritualium

59 1345 88 1362 r
161 1323 205 1368 S.
242 1323 567 1368 Carmelitanae
605 1322 811 1366 Familiae
847 1322 1100 1374 bonorum,
1140 1327 1185 1366 et
1217 1322 1520 1382 impertiendi
1553 1322 1875 1368 Confratribus

159 1401 500 1460 indulgentiam
529 1400 788 1459 plenariam
819 1400 867 1444 in
900 1399 1096 1445 articulo
1128 1400 1309 1444 mortis.
1344 1399 1700 1445 Attendendum
1733 1401 1876 1459 igitur

87 1501 95 1531 ς
158 1480 310 1524 tenori
338 1479 668 1524 concessionis.
703 1478 847 1523 Porro
874 1478 921 1522 id
949 1491 1088 1522 omne
1113 1479 1305 1536 (praeter
1331 1477 1571 1532 ultimum)
1598 1478 1646 1522 in
1673 1477 1876 1523 formula

158 1557 442 1615 receptionis
478 1556 680 1601 habetur
717 1561 975 1614 peractum.
1014 1555 1104 1613 (Cf.
1150 1556 1206 1600 de
1246 1555 1609 1614 obligationibus
1646 1556 1875 1615 privilegii

68 1649 91 1686 ἡ
159 1635 399 1680 Sabbatini
434 1634 561 1678 varia
594 1648 818 1692 responsa
846 1634 891 1679 S.
929 1634 978 1679 C.
1010 1633 1195 1693 Indulg.
1226 1633 1255 1678 3
1285 1633 1385 1678 dec.
1420 1632 1555 1685 1892,
1594 1634 1644 1678 in
1683 1633 1870 1693 ephem.

88 1721 91 1727 '
156 1713 379 1757 Nouvelle
406 1712 558 1757 Reme
588 1712 909 1770 The'olossiqzie,
936 1716 969 1757 t.
996 1711 1137 1763 XXV,
1163 1725 1206 1769 p.
1237 1711 1341 1764 260,
1375 1717 1421 1757 et
1453 1716 1874 1758 commentatorem

158 1789 297 1848 ibid.)

216 1867 265 1913 30
292 1867 540 1926 Scapulare
562 1868 619 1912 de
636 1867 794 1912 Monte
821 1866 1034 1911 Carmelo
1056 1868 1180 1912 inter
1200 1867 1278 1911 illa
1300 1872 1579 1912 numeratur
1606 1881 1712 1927 quae
1735 1867 1874 1914 alicui

159 1946 539 1992 Confraternitati
574 1945 886 1990 adnectuntur
920 1960 927 1989 :
961 1945 1071 1990 hinc
1100 1945 1265 2004 nequit
1297 1944 1451 1991 fidelis
1483 1945 1648 1991 haberi
1675 1951 1727 1992 ut
1758 1947 1874 2006 legi-

158 2024 271 2068 time
300 2023 379 2068 illo
407 2023 616 2075 indutus,
648 2023 738 2068 nisi
768 2023 908 2068 simul
941 2023 1002 2068 sit
1030 2023 1401 2068 confraternitati
1431 2029 1722 2084 aggregatus,
1748 2025 1873 2084 quod

158 2102 355 2160 requirit
374 2101 424 2145 P.
456 2101 681 2160 Beringer
708 2101 849 2145 etiam
880 2101 937 2145 ad
963 2101 1343 2159 participandum
1370 2102 1667 2161 privilegium
1700 2102 1871 2148 libera-

154 2179 293 2224 tionis
311 2179 368 2223 ab
390 2179 605 2223 incendio
624 2183 816 2223 aeterno.
839 2178 989 2223 Hodie
1012 2192 1150 2236 porro
1172 2178 1230 2222 ad
1248 2178 1507 2237 legitimam
1524 2184 1583 2232 et,
1606 2184 1658 2225 ut
1670 2180 1869 2232 videtur,

154 2256 352 2300 validam
389 2256 766 2315 aggregationem
802 2256 1067 2301 necessaria
1095 2261 1179 2308 est,
1213 2262 1386 2314 praeter
1415 2256 1684 2302 facultatem
1711 2271 1871 2317 aggre-

154 2334 310 2393 gandi,
335 2335 574 2391 inscriptio
592 2335 813 2389 nominis,
839 2334 1114 2392 proximiori
1137 2333 1509 2379 confraternitati
1532 2336 1871 2380 monasteriove

155 2413 350 2456 Patrum
369 2418 447 2456 aut
459 2412 684 2457 Sororum
698 2411 1057 2457 Carmelitarum
1070 2412 1436 2457 transmittendi.
1453 2412 1537 2465 (Ita
1552 2412 1598 2457 S.
1617 2412 1667 2457 C.
1685 2413 1868 2472 Indulg.

155 2490 212 2534 27
253 2503 350 2547 apr.
390 2489 524 2541 1887,
564 2502 787 2533 revocans
820 2489 1059 2534 indultum
1095 2490 1312 2548 generale
1340 2503 1430 2548 quo
1468 2490 1524 2534 ab
1565 2490 1871 2549 inscriptione

158 2572 394 2611 exemerat
416 2567 672 2625 Gregorius
689 2566 810 2618 XVI.
834 2566 908 2611 die
932 2566 991 2611 30
1018 2581 1118 2625 apr.
1142 2566 1299 2626 1838.)
1321 2567 1433 2611 Haec
1458 2573 1616 2612 tamen
1639 2569 1869 2613 revocatio

156 2646 383 2703 attingere
413 2658 505 2687 non
524 2644 707 2689 videtur
727 2646 950 2702 specialia
964 2644 1052 2689 hac
1072 2644 1128 2688 de
1151 2659 1201 2688 re
1224 2645 1417 2697 indulta,
1438 2650 1491 2689 ut
1512 2645 1743 2691 deducere
1762 2647 1872 2691 licet

158 2736 211 2766 ex
251 2722 488 2780 responsis
528 2722 740 2780 ejusdem
781 2721 826 2766 S.
870 2721 1254 2781 Congregationis
1300 2722 1357 2766 de
1394 2723 1584 2780 speciali
1629 2723 1868 2783 privilegio

157 2799 350 2843 Patrum
378 2799 523 2857 Belgii
557 2804 603 2843 et
632 2798 928 2843 Neerlandiae
964 2813 973 2842 ε
1013 2813 1119 2857 quae
1153 2799 1362 2843 conferas
1397 2800 1445 2843 in
1482 2800 1869 2858 ephemeridibus

157 2877 379 2921 Nozwelle
416 2877 569 2921 Revue
615 2876 931 2934 Thdoloyique,
974 2882 1004 2920 t.
1047 2877 1188 2928 XXV,
1219 2891 1265 2934 p.
1306 2876 1409 2921 137.
1454 2877 1545 2930 Qui
1590 2883 1746 2922 tamen
1790 2880 1868 2924 tali

156 2954 397 3012 privilegio
438 2954 694 3013 gauderent
736 2954 1113 3011 inscriptionem„
1160 2959 1389 3012 quantum
1430 2955 1577 3012 possit
1618 2955 1733 3000 fieri.
1774 2971 1867 3001 non
