2145 3366
231 280 310 318 516
831 287 971 316 INDEX
1002 287 1346 319 ALPHABETICUS

273 450 309 483 in
325 460 464 488 mensa,
477 448 559 483 335.
573 470 619 473 ——
631 448 817 483 Tractatio
838 448 1040 493 hospitum,
1080 487 1081 492 ¹

270 507 351 541 324.
366 507 607 552 —Tempore
626 506 935 549 Congregationis
954 505 1042 539 Pro·

271 565 451 603 vincialis,
473 563 554 598 300.
574 584 619 587 -
643 563 827 597 Tractatio
850 562 1042 605 Magistro-

272 633 367 664 rum,
387 621 469 655 336.

223 688 462 725 Minister.
486 708 530 710 —
558 687 729 721 Officium
760 686 853 729 ejus,
884 685 966 719 274.
995 705 1040 708 —

270 745 411 786 Qualis,
441 756 458 778 a
488 756 561 789 quo
592 743 857 783 nominandus,
889 742 970 776 274.
995 762 1039 764 ᾉ

270 801 343 835 Cur
373 812 447 835 non
476 801 589 835 simul
621 803 852 845 procurator,
883 798 965 832 274.
994 819 1039 821 —

270 858 357 902 Ejus
398 861 578 902 potestas,
619 856 708 897 2743
749 876 795 879 μ
835 855 1039 899 respectiva

270 926 355 948 cum
398 914 575 958 Magistro
617 912 856 954 novitiorum,
891 911 956 955 67,
993 931 1039 934 —

269 984 352 1006 cum
380 972 640 1011 procuratore,
663 970 744 1004 274.
767 990 812 993 —
838 969 921 1003 Non
950 979 1035 1017 prie-

269 1030 376 1074 cipit,
414 1029 496 1063 274.
540 1048 585 1051 —
624 1025 965 1071 Comprelienditur
1001 1025 1038 1058 in

269 1090 400 1131 quarto
421 1096 507 1119 casu
529 1087 729 1127 reservato,
747 1083 828 1116 149.
844 1103 890 1106 —
904 1081 1038 1115 Visitat

265 1143 399 1187 januas
433 1153 499 1187 per
531 1153 570 1175 se
601 1144 662 1175 aut
692 1151 758 1185 per
791 1138 1035 1178 sacerdotem,

267 1200 349 1233 274.
390 1220 436 1223 -—
468 1198 639 1242 Invigilet
678 1197 801 1231 minus
842 1195 1036 1234 sollicitos,

267 1257 349 1291 337.

220 1322 511 1359 Ministeria.
558 1342 604 1346 ——
648 1320 769 1355 Gratis
814 1317 1035 1357 exercenda,

267 1379 325 1414 83.
354 1400 399 1403 —
438 1378 651 1423 Spiritualia
691 1387 861 1422 quzeiiani
896 1375 1038 1420 przeeli-

268 1436 403 1480 genda,
433 1435 514 1470 396.
538 1456 584 1459 —
611 1434 743 1468 Aliena
773 1433 817 1467 ab
849 1432 1034 1475 instituto,

266 1493 349 1533 397,
375 1493 456 1537 527,
485 1503 569 1537 sqq.
591 1512 637 1515 -—
658 1490 710 1524 Cf.
737 1488 942 1534 Confessi0‚
966 1492 1034 1522 etc.

221 1559 387 1596 Missa.
422 1579 468 1583 ——
506 1557 678 1599 Quotidie
716 1555 914 1599 audienda,
951 1554 1034 1597 306,

265 1616 347 1651 331.
366 1636 411 1639 —
432 1614 583 1658 Crebro,
608 1613 774 1659 quotidie
797 1611 1033 1653 celebranda,

265 1673 347 1708 306.
369 1693 414 1698 —
432 1673 541 1706 Juxta
562 1672 674 1705 ritum
703 1670 928 1712 Romanum,
952 1668 1033 1709 414,

266 1730 348 1765 306.
371 1749 417 1755 —-
442 1729 557 1763 Duret
577 1739 643 1773 per
673 1727 928 1768 semi—horam,
951 1725 1033 1769 306,

266 1787 347 1822 307.
382 1807 429 1811 ——
464 1786 596 1819 Ussrum
633 1784 810 1819 solemnis
850 1782 1034 1826 habenda,

266 1845 348 1879 414.

314 1899 527 1944 Pririleslict
554 1899 651 1933 circa
678 1898 822 1940 horam,
845 1897 927 1941 306,
952 1896 1032 1930 549.

266 1979 312 1982 —
333 1958 439 1992 Circa
460 1957 596 2000 locum,
617 1955 698 1989 550.
715 1976 761 1979 —
779 1953 883 1988 Circa
905 1954 1033 1996 altare,

267 2013 418 2059 5515—
447 2013 550 2047 Circa
581 2012 747 2055 modum,
772 2011 853 2054 552,
886 2010 967 2045 553.
991 2032 1037 2035 -—

268 2071 382 2105 Missa
398 2070 442 2103 de
460 2069 603 2115 requie,
621 2068 702 2103 552.
720 2067 936 2115 -stBinatio,
951 2067 1033 2101 306.

315 2126 436 2160 Missae
470 2125 705 2171 praescripcae
735 2136 801 2170 pro
835 2124 1034 2167 defunctis,

267 2185 350 2227 328,
381 2184 463 2219 329.
494 2204 540 2208 -—
573 2184 800 2229 Przescriptze
831 2194 873 2217 ex
907 2183 1037 2226 regula

269 2252 343 2275 non
380 2241 598 2274 differantur
637 2243 788 2284 propter
827 2238 1034 2282 defunctos,

268 2298 350 2332 306.
374 2319 419 2321 —
440 2297 567 2331 Affixae
586 2296 757 2341 tempori,
781 2295 929 2341 quando
947 2306 1035 2340 sup-

269 2354 428 2399 plendee,
458 2353 540 2387 306.
569 2373 615 2377 -
645 2352 828 2397 Perpetuo
861 2352 1037 2386 inhabilis

269 2412 418 2456 supplet
457 2421 523 2455 per
560 2409 714 2448 rosaria,
758 2408 840 2442 306.
876 2429 921 2432 ——
953 2408 1037 2443 Non

271 2467 503 2502 cclebrandae
537 2477 603 2511 per
635 2466 764 2504 alium,
796 2464 878 2499 306.
907 2486 952 2489 -—
980 2465 1037 2498 In-

271 2526 376 2559 dictae
406 2525 486 2559 sine
517 2523 645 2563 limite,
669 2522 865 2567 quamdiu,
887 2522 968 2556 306.
992 2543 1037 2546 —

271 2582 467 2625 (⁷)liligatur
482 2581 629 2623 Rector,
646 2579 728 2613 306.
747 2600 793 2603 —
805 2579 859 2612 Ad
876 2583 1038 2612 extraor-

272 2639 448 2679 dinarias,
481 2636 669 2682 quomodo
692 2635 930 2677 missionarii,
953 2635 1034 2670 306.

268 2717 314 2720 ἡ
338 2694 532 2737 Quomodo
554 2694 589 2727 in
612 2692 820 2726 minoribus
847 2692 1034 2737 domibus,

269 2754 350 2787 306.
374 2773 418 2776 κ
440 2750 633 2792 Quomodo
656 2749 718 2794 qui
740 2749 925 2793 stipendia
947 2750 1037 2783 acci-

271 2811 390 2854 piunt,
406 2808 487 2842 306.
504 2828 549 2831 —-
566 2807 677 2841 Sacra
694 2816 758 2850 pro
774 2805 1036 2840 fundatoribus

270 2870 305 2899 et
325 2863 638 2903 benefactorilms,
662 2863 743 2903 455,
767 2873 849 2907 sqq.

317 2922 522 2956 Missurum
541 2918 731 2964 stipendia
747 2918 790 2952 ad
811 2919 899 2963 quid
920 2920 1036 2964 appli-

270 2979 400 3019 canda,
427 2978 508 3017 403,
532 2987 568 3010 n.
592 2975 644 3019 V,
672 2974 753 3008 110.
777 2995 822 2998 —
843 2975 1036 3009 Reddatur

271 3036 362 3069 ratio
391 3037 528 3077 exacta,
557 3032 640 3069 251.
661 3031 743 3065 280.
768 3052 812 3055 —
834 3031 1034 3067 Celebrans

1118 686 1393 723 MiSSiones.
1425 709 1471 712 -
1502 690 1641 724 Sensus
1676 691 1788 735 hujus
1818 693 1929 726 vocis.

1112 1879 1362 1915 Moniales.
1394 1899 1440 1903 —
1474 1879 1558 1915 Non
1594 1879 1847 1914 accedendum
1884 1880 1930 1915 ad

1160 1939 1297 1977 crates,
1338 1935 1426 1969 142.
1468 1956 1514 1959 —
1552 1935 1635 1969 Non
1681 1936 1929 1979 ingredienda

1159 1993 1344 2036 clausura,
1381 1991 1491 2025 etiam
1531 1993 1806 2036 aegrotantium,
1845 1993 1927 2038 1-4'1,

1158 2049 1241 2091 143,
1272 2048 1353 2082 533.
1376 2068 1422 2071 —
1452 2047 1550 2081 Olim
1583 2047 1673 2093 quid
1702 2049 1928 2093 permissum

1113 2563 1442 2602 Mortificatio.
1459 2584 1504 2588 —
1525 2563 1578 2598 Cf.
1603 2564 1853 2599 Poenitenciae.

1113 2631 1328 2668 Morbus.
1340 2650 1385 2653 —
1397 2628 1448 2663 Ci‘.
1471 2628 1666 2673 Valetudo,
1687 2629 1919 2674 Mort'bundt',

1112 2744 1417 2783 Morihundi.
1464 2765 1509 2768 —
1554 2744 1748 2786 Quomodo
1801 2745 1926 2781 Nostri

1111 2917 1356 2955 Mulieres.
1380 2937 1425 2940 —
1452 2917 1583 2950 Utrum
1611 2916 1815 2960 visitandae,
1840 2916 1922 2959 141,

1168 449 1248 484 loco
1276 453 1441 496 parochi,
1466 453 1565 488 hunc
1588 465 1662 489 non
1684 455 1829 501 liberat,
1848 457 1931 492 306.

1165 528 1211 531 —
1242 508 1359 543 Unico
1390 520 1494 544 sacro
1526 521 1600 545 non
1631 512 1763 547 satisfit
1793 513 1932 558 duplici

1167 564 1377 607 intentioni,
1415 566 1496 601 306.
1531 589 1578 592 —
1613 568 1733 603 Onera
1770 569 1931 613 vitanda,

1164 621 1244 654 452.

1161 742 1243 776 390.
1266 764 1312 767 —-
1332 744 1467 778 Earum
1487 750 1730 790 momentum,
1747 747 1830 789 39l,
1848 748 1929 782 574.

1161 820 1205 822 —
1236 800 1394 840 Quinam
1431 802 1577 836 mittere
1607 803 1743 843 valent,
1773 804 1854 838 392.
1887 825 1933 829 —

1163 855 1295 890 Utrum
1336 860 1437 891 extra
1478 858 1726 900 Provinciam,
1766 860 1848 895 392.
1886 882 1933 885 -—

1162 911 1241 953 Quo
1282 913 1525 955 mittendum,
1565 915 1646 950 393.
1687 937 1734 940 ——
1773 916 1931 958 Quinam

1164 969 1346 1009 mittendi,
1369 970 1450 1004 394.
1474 992 1520 995 —-
1540 972 1603 1006 Cui
1628 973 1827 1017 subjicitur
1848 974 1933 1008 inis—

1162 1025 1362 1069 sionarius,
1391 1027 1472 1061 394.
1496 1049 1542 1052 —
1563 1028 1690 1063 Officia
1721 1030 1814 1074 ejus,
1846 1030 1928 1065 395.

1161 1103 1206 1105 —
1228 1083 1346 1127 Opera
1369 1084 1574 1127 seligenda,
1597 1085 1679 1129 396,
1699 1086 1780 1120 574.
1803 1108 1849 1111 —
1865 1087 1930 1121 Vi-

1161 1139 1285 1182 tanda,
1303 1139 1384 1174 397.
1402 1161 1448 1164 ——
1465 1140 1679 1175 Jurisdictio
1703 1143 1929 1177 missionarii

1162 1200 1264 1229 extra
1286 1196 1534 1240 Provinciam,
1557 1198 1638 1232 392.
1661 1220 1707 1223 —
1730 1199 1932 1243 Indulgen-

1162 1253 1220 1286 tia]
1243 1253 1479 1297 missionum,
1508 1254 1590 1298 392,
1623 1255 1705 1290 558.
1728 1277 1774 1280 -—
1804 1257 1932 1292 Facul-

1161 1313 1252 1343 tates
1297 1309 1539 1352 missionarii,
1581 1310 1662 1351 542,
1708 1323 1806 1358 sqq,
1847 1313 1929 1357 545,

1161 1365 1242 1408 550,
1266 1377 1365 1411 sqq,
1388 1366 1470 1409 556,
1493 1367 1576 1409 559,
1598 1367 1680 1402 566.

1208 1422 1402 1456 Missiones
1432 1424 1718 1459 transmarinae.
1743 1447 1789 1450 —
1815 1425 1932 1460 Infor-

1160 1479 1272 1513 matio
1306 1479 1351 1513 de
1384 1479 1586 1524 mittendis,
1622 1481 1703 1515 398.
1739 1502 1786 1506 —
1818 1482 1930 1516 Dotes

2078 1451 2145 1485 lluiiii

2100 1506 2131 1539 „ti-J

1161 1536 1400 1579 missionarii,
1423 1536 1505 1570 398.
1529 1557 1575 1560 —
1595 1537 1738 1582 Duplex
1757 1538 1932 1582 jurisdic-
2134 1564 2141 1590 i

1160 1593 1210 1626 tio
1240 1593 1275 1626 in
1305 1603 1404 1632 eum,
1435 1592 1517 1627 398.
1541 1614 1587 1617 ——
1608 1593 1814 1639 Paupertas
1846 1596 1932 1629 mis-

1159 1649 1322 1691 sionum,
1338 1649 1419 1683 131.
1438 1670 1483 1673 —
1504 1650 1600 1683 Arca
1618 1651 1823 1694 missionis,
1845 1651 1927 1686 131.

1158 1727 1203 1730 μ
1222 1706 1419 1739 Instructio
1442 1706 1485 1740 R.
1508 1706 1548 1740 P.
1574 1707 1708 1740 Martin
1737 1707 1782 1741 de
1808 1708 1929 1751 bonis,
2099 1683 2136 1711 'm'

1158 1762 1240 1802 399,
1258 1774 1341 1808 sqq.
1358 1783 1404 1786 ——
1421 1763 1567 1796 Litterae
1587 1763 1828 1808 aedificantes,
1846 1765 1927 1799 575.
2075 1743 2140 1780 Humi

2075 1810 2144 1846 Made

1158 1841 1204 1844 -—
1225 1819 1278 1853 Cf.
1302 1818 1524 1863 Privileyia.

1159 2104 1281 2150 quoad
1304 2104 1499 2144 Exercitia,
1514 2104 1596 2147 142,
1610 2104 1693 2139 533.
1713 2126 1759 2129 ——
1780 2104 1930 2140 Confes-

1160 2162 1284 2195 siones
1300 2172 1441 2205 earum,
1458 2161 1546 2203 5333
1562 2182 1608 2185 —
1623 2161 1928 2196 decumbentium

1159 2218 1246 2261 5333
1268 2238 1314 2241 —
1333 2217 1639 2262 orphanellarum
1656 2218 1926 2262 claustralium,

1159 2275 1240 2308 533.
1263 2295 1308 2298 —
1328 2273 1410 2308 Non
1434 2284 1473 2307 se
1500 2273 1788 2308 immiscendum
1810 2285 1927 2318 nego-

1159 2331 1219 2364 tiis
1240 2330 1473 2371 monialium,
1496 2329 1577 2364 533.
1597 2350 1643 2353 ——
1666 2330 1928 2365 Confessiones

1160 2388 1306 2433 piarum
1323 2386 1523 2420 mulierum
1541 2386 1826 2432 conviventium,
1844 2387 1924 2421 533.

1160 2465 1205 2468 —-
1236 2444 1319 2479 Non
1352 2442 1520 2476 facienda
1553 2442 1710 2477 visitatio
1745 2447 1928 2478 monaste-

1159 2501 1317 2543 riorum,
1340 2499 1421 2533 533.

1160 2687 1338 2721 Medicus.

1155 2802 1324 2848 juvandi,
1343 2801 1424 2835 326.
1442 2821 1487 2825 -—
1508 2800 1702 2842 Quomodo
1724 2812 1762 2835 se
1781 2806 1924 2846 gerant,

1157 2859 1239 2894 326.

1157 2975 1238 3018 142,
1265 2974 1346 3008 143.
1368 2994 1414 2998 ——
1435 2972 1677 3015 Allocutoria‚
1699 2972 1781 3006 140.
1804 2993 1851 2996 —
1870 2973 1924 3008 Ne

1158 3034 1291 3066 ornent
1308 3029 1450 3073 altaria,
1469 3028 1550 3062 142.
1568 3048 1613 3052 —
1627 3029 1710 3064 Non
1730 3028 1852 3062 danda
1871 3029 1924 3063 eis
