2145 3366
179 2447 229 2474 561

275 235 353 274 490
1013 247 1241 276 Arrnxnrx

277 423 508 475 omittant,
531 437 588 467 ne
611 424 869 469 confratres
892 425 940 468 in
969 424 1099 469 obitu
1128 423 1359 482 suffragiis
1382 425 1637 482 priventur.
1661 424 1726 482 (S.
1751 424 1819 481 C.,
1844 423 1980 482 ibid.)

334 499 383 544 30
408 499 514 545 Non
541 506 693 559 potest
722 502 921 560 amplius
948 502 1164 546 benedici
1186 506 1230 546 et
1247 502 1424 559 imponi
1451 501 1540 546 hoc
1567 501 1808 559 scapulare
1842 501 1980 546 unica

277 577 478 622 formula
499 593 607 623 cum
635 580 751 624 aliis.
776 580 833 625 Et
858 580 1038 624 indulta
1065 580 1152 624 hac
1174 580 1229 623 de
1249 593 1299 623 re
1320 593 1543 624 concessa
1564 580 1692 623 omni
1712 580 1754 622 vi
1786 579 1981 623 destitu-

277 660 423 699 untur
443 656 606 700 saltem
625 671 650 701 a
672 671 832 701 mense
854 657 989 715 aprili
1006 657 1138 701 1887.
1159 657 1220 701 At
1238 661 1436 714 possunt
1452 656 1668 700 benedici
1684 656 1818 714 plura
1840 656 1981 700 simul

278 734 334 777 de
357 733 515 778 Monte
543 733 754 778 Carmelo
783 735 1064 793 scapularia3
1094 735 1188 778 imo
1210 734 1318 778 licet
1339 734 1583 785 sacerdoti,
1607 734 1655 777 in
1684 734 1982 791 impositione

278 811 609 868 scapularium‚
642 812 863 856 omnibus
890 813 977 856 rite
1000 812 1216 870 peractis,
1241 811 1397 856 dicere
1419 811 1565 855 semel
1594 824 1793 855 numero
1815 810 1983 869 plurali

278 888 531 933 formulam
564 904 571 933 :
602 890 807 947 Accipite
837 891 1023 948 fratrea,
1065 891 1134 933 vel
1167 903 1359 944 sorores,
1401 895 1510 940 etc.,
1552 889 1837 947 imponendo
1881 902 1984 932 suc-

280 967 457 1010 cessive
495 971 542 1011 et
577 967 679 1011 sine
719 962 1061 1025 interruptione
1101 967 1342 1024 scapulare
1386 966 1606 1010 omnibus
1651 966 1981 1024 praesenfflbus,

281 1045 395 1102 quin
433 1045 491 1090 sit
529 1059 721 1090 necesse
755 1045 1008 1090 formulam
1043 1058 1240 1089 numero
1266 1044 1491 1103 singulari
1517 1049 1746 1102 repetere.
1771 1044 1906 1096 (Acta
1932 1043 1982 1088 S.

282 1122 430 1174 Sectis,
464 1127 492 1166 t.
523 1122 694 1174 XXIII,
724 1137 769 1181 p.
790 1122 916 1181 637.)
937 1123 1135 1181 Insuper
1156 1123 1266 1166 satis
1295 1127 1365 1166 est
1388 1122 1426 1165 si
1449 1122 1530 1166 uni
1558 1126 1740 1166 tantum
1767 1121 1982 1172 humero,

281 1205 326 1244 et
357 1214 451 1244 non
481 1200 603 1244 circa
631 1200 819 1258 collum,
853 1200 1094 1258 scapulare
1121 1201 1405 1259 imponatur.
1435 1199 1502 1258 (S.
1536 1199 1586 1244 C.
1616 1199 1736 1251 Ind.‚
1773 1199 1831 1244 26
1866 1204 1981 1257 sept.

280 1277 413 1333 1892,
436 1277 659 1322 Nouvelle
686 1278 853 1334 Rcvue,
879 1278 908 1322 l.
935 1284 994 1332 c.)

298 1431 306 1438 ν
322 1394 365 1425 Ν.
385 1393 427 1425 Β.
449 1413 484 1417 -
505 1394 714 1426 Facultatem
740 1394 937 1436 applicandi
964 1395 1126 1426 crucibus
1146 1394 1380 1435 indulgentias
1407 1394 1477 1425 Viae
1497 1393 1620 1425 Crucis
1637 1403 1708 1425 non
1734 1393 1902 1425 habemus
1921 1393 1987 1424 nisi

282 1451 322 1472 ex
340 1441 476 1473 indulto
494 1442 668 1483 personali
688 1452 793 1483 quem
812 1443 891 1483 quis
909 1443 1078 1483 reciperet
1095 1452 1112 1473 a
1131 1442 1196 1473 PP.
1216 1441 1331 1473 Sancti
1351 1441 1536 1473 Francisci.
1556 1441 1755 1473 Notandum
1773 1450 1877 1481 porro
1895 1441 1987 1482 quod

282 1489 318 1520 in
337 1489 468 1531 pagella
487 1500 554 1530 qua
572 1490 751 1521 confertur
775 1490 847 1521 haec
870 1490 1024 1529 facultas,
1051 1490 1227 1521 ordinarie
1254 1489 1380 1531 legitur·
1411 1499 1416 1520 z
1445 1500 1458 1519 «
1484 1488 1741 1520 Advertendum
1768 1489 1857 1520 hanc
1879 1488 1987 1520 sacul-

283 1540 386 1568 tatem
405 1541 539 1569 tantum
558 1541 650 1569 extra
669 1538 799 1570 Urbem
816 1538 941 1577 valere,
961 1542 992 1569 et
1011 1539 1047 1569 in
1066 1538 1108 1569 iis
1126 1537 1210 1569 locis
1227 1537 1286 1569 ubi
1304 1541 1494 1569 conventus
1512 1537 1672 1568 Fratrum
1697 1537 1797 1568 nobis
1815 1535 1987 1577 subjecto-

283 1595 451 1617 runinon
470 1585 670 1617 habetur.»
700 1586 765 1618 [Μὴ
791 1595 894 1626 porro
921 1586 1075 1627 fflgissurn
1103 1586 1148 1617 fla
1175 1585 1470 1617 habetssffinsster
1498 1584 1681 1616 Generalss
1709 1585 1815 1616 tofius
1844 1584 1986 1615 Ordinss

282 1633 319 1665 S.
339 1633 533 1665 Franciscz‘.
562 1633 955 1674 comprehendunturn(=
983 1634 1047 1665 PP.
1077 1633 1290 1674 Capuccini‘?
1313 1651 1349 1656 —
1374 1633 1566 1673 Respondit
1592 1642 1696 1673 porro
1723 1632 1760 1663 P.
1783 1632 1990 1664 Procurator

283 1681 455 1723 generalis
473 1681 651 1713 Societatis
669 1681 725 1713 die
742 1681 783 1713 118
800 1692 877 1714 nov.
894 1681 987 1721 1893,
1008 1685 1040 1713 et
1057 1682 1093 1713 P.
1112 1681 1324 1712 Substitutus
1338 1680 1455 1712 Galliae
1473 1680 1529 1712 die
1545 1679 1583 1712 21
1601 1690 1677 1712 nov.
1700 1679 1793 1719 1893,
1813 1679 1989 1720 navalive,

283 1739 363 1761 cum
383 1728 531 1760 habeant
549 1728 735 1770 Capuccini
761 1739 866 1761 suum
889 1730 1071 1771 proprium
1096 1729 1295 1761 Ministrum
1313 1728 1529 1767 Generalem,
1550 1728 1609 1760 sed
1627 1727 1876 1769 comprehendi
1900 1727 1990 1758 solos

282 1776 316 1808 10
335 1776 487 1808 Minores
505 1777 741 1817 observantiae,
761 1777 795 1809 20
813 1777 965 1810 Minores
983 1777 1207 1809 observantiae
1226 1777 1430 1816 reformatae,
1450 1776 1484 1808 30
1502 1776 1725 1816 Recollectos,
1744 1775 1778 1807 40
1799 1775 1990 1817 Religiosos

286 1825 320 1857 S.
340 1824 432 1857 Petri
451 1824 492 1856 de
510 1825 700 1857 Alcantara.

1096 1998 1179 2043 VII

958 2145 1314 2180 INDULGENTIAE

679 2303 727 2348 10
752 2304 1060 2362 I›zdulgyenti'ae
1087 2317 1116 2346 α
1141 2302 1323 2346 Nostris
1348 2301 1595 2346 lucraadoe.

344 2433 393 2478 ‘10
427 2434 603 2478 Praeter
640 2433 955 2492 indulgentias
996 2433 1215 2477 Societati
1258 2433 1434 2477 directe
1474 2445 1742 2482 concessas,
1786 2429 1991 2474 Societas

287 2512 474 2570 plenam
510 2511 651 2556 habet
680 2511 1156 2556 communicationem
1193 2509 1590 2568 indulgentiarum
1623 2509 1850 2552 hactenus
1887 2520 1992 2551 con-

287 2602 525 2633 cessarum
557 2593 602 2633 et
631 2589 678 2632 in
709 2589 920 2633 futurum
959 2588 1362 2632 concedendarum
1404 2586 1690 2645 quibuslibet
1717 2584 1988 2634 Ordinibus,

288 2667 426 2711 etiam
446 2680 538 2710 non
566 2666 960 2717 mendicantibus,
979 2679 1161 2710 necnon
1180 2664 1490 2715 Monasteriis‚
1515 2663 1704 2721 Piisque
1727 2662 1877 2713 Locis,
1900 2666 1987 2704 etc.

288 2743 423 2796 Quod
458 2743 688 2802 intelligas
715 2745 843 2802 juxta
878 2743 1062 2801 regulas
1095 2742 1473 2787 communicandi
1514 2740 1732 2798 superius
1759 2740 1808 2782 in
1835 2743 1920 2782 art.
1943 2737 1986 2781 sl.

287 2821 483 2879 hujusce
501 2822 771 2879 appendicis
792 2821 976 2865 relatas.
996 2820 1174 2879 (Comp.
1192 2819 1318 2878 350.)
1333 2819 1479 2863 Nobis
1495 2831 1634 2876 porro
1651 2817 1701 2861 fit
1721 2830 1746 2860 a
1765 2816 1991 2860 Societate

289 2898 481 2942 facultas
508 2898 717 2942 lucrandi
746 2898 977 2956 quaslibet
997 2897 1312 2955 indulgentias
1334 2895 1777 2954 quomodocumque
1799 2905 1992 2936 conces-

290 2990 363 3020 sas
391 2981 471 3020 aut
489 2977 827 3021 concedendas.
852 2975 1033 3034 (Comp.
1054 2975 1178 3032 358.)
