<?xml version="1.0" encoding="UTF-8"?>
<!DOCTYPE html PUBLIC "-//W3C//DTD XHTML 1.0 Transitional//EN"
    "http://www.w3.org/TR/xhtml1/DTD/xhtml1-transitional.dtd">
<html xmlns="http://www.w3.org/1999/xhtml" xml:lang="en" lang="en">
 <head>
  <title>
</title>
<meta http-equiv="Content-Type" content="text/html;charset=utf-8" />
  <meta name='ocr-system' content='tesseract 3.04.00' />
  <meta name='ocr-capabilities' content='ocr_page ocr_carea ocr_par ocr_line ocrx_word'/>
</head>
<body>
  <div class='ocr_page' id='page_1' title='image "./compendiuminstit00rami_0396.png"; bbox 0 0 2145 3366; ppageno 0'>
   <div class='ocr_carea' id='block_1_1' title="bbox 128 794 180 822">
    <p class='ocr_par' dir='ltr' id='par_1_1' title="bbox 128 794 180 822">
     <span class='ocr_line' id='line_1_1' title="bbox 128 794 180 822; baseline 0 0"><span class='ocrx_word' id='word_1_1' title='bbox 128 794 180 822; x_wconf 72' lang='lat'>443</span> 
     </span>
    </p>
   </div>
   <div class='ocr_carea' id='block_1_2' title="bbox 131 2963 177 2990">
    <p class='ocr_par' dir='ltr' id='par_1_2' title="bbox 131 2963 177 2990">
     <span class='ocr_line' id='line_1_2' title="bbox 131 2963 177 2990; baseline -0.022 0"><span class='ocrx_word' id='word_1_2' title='bbox 131 2963 177 2990; x_wconf 64' lang='lat'>44¹</span> 
     </span>
    </p>
   </div>
   <div class='ocr_carea' id='block_1_3' title="bbox 175 2971 184 2989">
    <p class='ocr_par' dir='ltr' id='par_1_3' title="bbox 175 2971 184 2989">
     <span class='ocr_line' id='line_1_3' title="bbox 175 2971 184 2989; baseline 0 0"><span class='ocrx_word' id='word_1_3' title='bbox 175 2971 184 2989; x_wconf 82' lang='lat'>1·</span> 
     </span>
    </p>
   </div>
   <div class='ocr_carea' id='block_1_4' title="bbox 234 220 1254 260">
    <p class='ocr_par' dir='ltr' id='par_1_4' title="bbox 234 220 1254 260">
     <span class='ocr_line' id='line_1_4' title="bbox 234 220 1254 260; baseline 0.001 -1"><span class='ocrx_word' id='word_1_4' title='bbox 234 220 314 260; x_wconf 83' lang='lat'>390</span> <span class='ocrx_word' id='word_1_5' title='bbox 928 230 1041 260; x_wconf 83' lang='lat' dir='ltr'><strong>PARS</strong></span> <span class='ocrx_word' id='word_1_6' title='bbox 1072 231 1254 260; x_wconf 82' lang='lat' dir='ltr'>OCTAVA</span> 
     </span>
    </p>
   </div>
   <div class='ocr_carea' id='block_1_5' title="bbox 234 407 1942 758">
    <p class='ocr_par' dir='ltr' id='par_1_5' title="bbox 234 407 1942 758">
     <span class='ocr_line' id='line_1_5' title="bbox 287 407 1937 459; baseline 0.001 -12"><span class='ocrx_word' id='word_1_7' title='bbox 287 407 304 434; x_wconf 88' lang='lat'><strong>3</strong></span> <span class='ocrx_word' id='word_1_8' title='bbox 323 411 454 447; x_wconf 89' lang='lat' dir='ltr'>Potest</span> <span class='ocrx_word' id='word_1_9' title='bbox 483 421 568 447; x_wconf 88' lang='lat' dir='ltr'>esse</span> <span class='ocrx_word' id='word_1_10' title='bbox 597 411 731 456; x_wconf 84' lang='lat' dir='ltr'>aliqua</span> <span class='ocrx_word' id='word_1_11' title='bbox 760 411 1000 458; x_wconf 82' lang='lat' dir='ltr'>ambiguitas</span> <span class='ocrx_word' id='word_1_12' title='bbox 1021 411 1123 446; x_wconf 90' lang='lat' dir='ltr'>circa</span> <span class='ocrx_word' id='word_1_13' title='bbox 1145 411 1241 455; x_wconf 84' lang='lat' dir='ltr'>haec,</span> <span class='ocrx_word' id='word_1_14' title='bbox 1268 414 1475 458; x_wconf 89' lang='lat' dir='ltr'>propterea</span> <span class='ocrx_word' id='word_1_15' title='bbox 1500 412 1605 458; x_wconf 87' lang='lat' dir='ltr'>quod</span> <span class='ocrx_word' id='word_1_16' title='bbox 1631 412 1673 448; x_wconf 89' lang='lat' dir='ltr'>in</span> <span class='ocrx_word' id='word_1_17' title='bbox 1698 412 1792 459; x_wconf 89' lang='lat' dir='ltr'>Reg.</span> <span class='ocrx_word' id='word_1_18' title='bbox 1822 413 1937 450; x_wconf 82' lang='lat' dir='ltr'>Praet.</span> 
     </span>
     <span class='ocr_line' id='line_1_6' title="bbox 235 470 1940 516; baseline 0.002 -11"><span class='ocrx_word' id='word_1_19' title='bbox 235 470 348 506; x_wconf 86' lang='lat' dir='ltr'>Stud.</span> <span class='ocrx_word' id='word_1_20' title='bbox 367 470 431 509; x_wconf 85' lang='lat'>20.</span> <span class='ocrx_word' id='word_1_21' title='bbox 454 470 608 506; x_wconf 91' lang='lat' dir='ltr'>dicatur</span> <span class='ocrx_word' id='word_1_22' title='bbox 627 470 847 506; x_wconf 90' lang='lat' dir='ltr'>examinari</span> <span class='ocrx_word' id='word_1_23' title='bbox 868 471 1009 506; x_wconf 87' lang='lat' dir='ltr'>debere</span> <span class='ocrx_word' id='word_1_24' title='bbox 1026 470 1283 516; x_wconf 87' lang='lat' dir='ltr'>Philosophos</span> <span class='ocrx_word' id='word_1_25' title='bbox 1303 481 1325 507; x_wconf 93' lang='lat' dir='ltr'>a</span> <span class='ocrx_word' id='word_1_26' title='bbox 1343 471 1527 507; x_wconf 79' lang='lat' dir='ltr'>Praeiecto</span> <span class='ocrx_word' id='word_1_27' title='bbox 1544 474 1582 506; x_wconf 92' lang='lat' dir='ltr'>et</span> <span class='ocrx_word' id='word_1_28' title='bbox 1601 471 1836 508; x_wconf 86' lang='lat' dir='ltr'>Professore.</span> <span class='ocrx_word' id='word_1_29' title='bbox 1866 472 1940 508; x_wconf 91' lang='lat' dir='ltr'>Sed</span> 
     </span>
     <span class='ocr_line' id='line_1_7' title="bbox 235 529 1939 576; baseline 0.002 -12"><span class='ocrx_word' id='word_1_30' title='bbox 235 529 395 565; x_wconf 89' lang='lat' dir='ltr'>evidens</span> <span class='ocrx_word' id='word_1_31' title='bbox 428 533 489 565; x_wconf 91' lang='lat' dir='ltr'>est</span> <span class='ocrx_word' id='word_1_32' title='bbox 522 530 585 565; x_wconf 90' lang='lat' dir='ltr'>hic</span> <span class='ocrx_word' id='word_1_33' title='bbox 617 539 696 565; x_wconf 92' lang='lat' dir='ltr'>non</span> <span class='ocrx_word' id='word_1_34' title='bbox 728 530 791 575; x_wconf 90' lang='lat' dir='ltr'>agi</span> <span class='ocrx_word' id='word_1_35' title='bbox 825 530 903 565; x_wconf 89' lang='lat' dir='ltr'>nisi</span> <span class='ocrx_word' id='word_1_36' title='bbox 930 530 977 565; x_wconf 91' lang='lat' dir='ltr'>de</span> <span class='ocrx_word' id='word_1_37' title='bbox 1003 529 1184 565; x_wconf 82' lang='lat' dir='ltr'><strong>examine</strong></span> <span class='ocrx_word' id='word_1_38' title='bbox 1209 540 1345 566; x_wconf 90' lang='lat' dir='ltr'>eorum</span> <span class='ocrx_word' id='word_1_39' title='bbox 1371 531 1439 576; x_wconf 90' lang='lat' dir='ltr'>qui</span> <span class='ocrx_word' id='word_1_40' title='bbox 1466 533 1597 566; x_wconf 89' lang='lat' dir='ltr'>actum</span> <span class='ocrx_word' id='word_1_41' title='bbox 1627 531 1803 567; x_wconf 88' lang='lat' dir='ltr'>habituri</span> <span class='ocrx_word' id='word_1_42' title='bbox 1829 534 1939 575; x_wconf 89' lang='lat' dir='ltr'>sunt,</span> 
     </span>
     <span class='ocr_line' id='line_1_8' title="bbox 235 588 1942 636; baseline 0.001 -12"><span class='ocrx_word' id='word_1_43' title='bbox 235 589 329 625; x_wconf 93' lang='lat' dir='ltr'>dum</span> <span class='ocrx_word' id='word_1_44' title='bbox 356 588 396 624; x_wconf 91' lang='lat' dir='ltr'>in</span> <span class='ocrx_word' id='word_1_45' title='bbox 426 589 563 635; x_wconf 88' lang='lat' dir='ltr'>regula</span> <span class='ocrx_word' id='word_1_46' title='bbox 591 588 863 632; x_wconf 88' lang='lat' dir='ltr'>Provincialis,</span> <span class='ocrx_word' id='word_1_47' title='bbox 887 588 956 625; x_wconf 90' lang='lat' dir='ltr'>ubi</span> <span class='ocrx_word' id='word_1_48' title='bbox 983 598 1031 624; x_wconf 90' lang='lat' dir='ltr'>ex</span> <span class='ocrx_word' id='word_1_49' title='bbox 1056 589 1234 635; x_wconf 77' lang='lat' dir='ltr'>professo</span> <span class='ocrx_word' id='word_1_50' title='bbox 1263 590 1310 626; x_wconf 93' lang='lat' dir='ltr'>de</span> <span class='ocrx_word' id='word_1_51' title='bbox 1340 589 1591 626; x_wconf 82' lang='lat' dir='ltr'>examinibus</span> <span class='ocrx_word' id='word_1_52' title='bbox 1617 590 1763 636; x_wconf 88' lang='lat' dir='ltr'>agitur,</span> <span class='ocrx_word' id='word_1_53' title='bbox 1797 589 1942 626; x_wconf 87' lang='lat' dir='ltr'>dicitur</span> 
     </span>
     <span class='ocr_line' id='line_1_9' title="bbox 234 645 1940 698; baseline 0.001 -15"><span class='ocrx_word' id='word_1_54' title='bbox 234 648 522 684; x_wconf 81' lang='lat' dir='ltr'>examinatores</span> <span class='ocrx_word' id='word_1_55' title='bbox 551 658 573 683; x_wconf 90' lang='lat' dir='ltr'>a</span> <span class='ocrx_word' id='word_1_56' title='bbox 603 648 897 684; x_wconf 82' lang='lat' dir='ltr'>Proiessoribus</span> <span class='ocrx_word' id='word_1_57' title='bbox 935 648 1113 684; x_wconf 87' lang='lat' dir='ltr'>diversos</span> <span class='ocrx_word' id='word_1_58' title='bbox 1151 658 1238 684; x_wconf 89' lang='lat' dir='ltr'>esse</span> <span class='ocrx_word' id='word_1_59' title='bbox 1277 649 1417 685; x_wconf 91' lang='lat' dir='ltr'>debere</span> <span class='ocrx_word' id='word_1_60' title='bbox 1449 645 1581 698; x_wconf 90' lang='lat'><strong>(1623,</strong></span> <span class='ocrx_word' id='word_1_61' title='bbox 1620 646 1710 698; x_wconf 87' lang='lat' dir='ltr'>etc.)</span> <span class='ocrx_word' id='word_1_62' title='bbox 1751 649 1940 696; x_wconf 84' lang='lat' dir='ltr'>Deinceps</span> 
     </span>
     <span class='ocr_line' id='line_1_10' title="bbox 234 705 1738 758; baseline 0.001 -16"><span class='ocrx_word' id='word_1_63' title='bbox 234 707 476 743; x_wconf 83' lang='lat' dir='ltr'>consuetudo</span> <span class='ocrx_word' id='word_1_64' title='bbox 496 707 665 743; x_wconf 90' lang='lat' dir='ltr'>invaluit</span> <span class='ocrx_word' id='word_1_65' title='bbox 686 710 729 742; x_wconf 92' lang='lat' dir='ltr'>ut</span> <span class='ocrx_word' id='word_1_66' title='bbox 750 710 963 752; x_wconf 90' lang='lat' dir='ltr'>utrumque</span> <span class='ocrx_word' id='word_1_67' title='bbox 982 717 1147 743; x_wconf 86' lang='lat' dir='ltr'>examen</span> <span class='ocrx_word' id='word_1_68' title='bbox 1168 708 1217 743; x_wconf 89' lang='lat' dir='ltr'>ab</span> <span class='ocrx_word' id='word_1_69' title='bbox 1238 708 1378 744; x_wconf 91' lang='lat' dir='ltr'>iisdem</span> <span class='ocrx_word' id='word_1_70' title='bbox 1398 708 1508 743; x_wconf 92' lang='lat' dir='ltr'>fieret</span> <span class='ocrx_word' id='word_1_71' title='bbox 1533 705 1583 757; x_wconf 82' lang='lat' dir='ltr'>(a.</span> <span class='ocrx_word' id='word_1_72' title='bbox 1609 705 1738 758; x_wconf 86' lang='lat'><strong>1642).</strong></span> 
     </span>
    </p>
   </div>
   <div class='ocr_carea' id='block_1_6' title="bbox 234 784 1943 1189">
    <p class='ocr_par' dir='ltr' id='par_1_6' title="bbox 234 784 1943 1189">
     <span class='ocr_line' id='line_1_11' title="bbox 287 784 1940 835; baseline 0.002 -13"><span class='ocrx_word' id='word_1_73' title='bbox 287 784 304 811; x_wconf 75' lang='lat'>4</span> <span class='ocrx_word' id='word_1_74' title='bbox 323 787 568 823; x_wconf 90' lang='lat' dir='ltr'>Postulatum</span> <span class='ocrx_word' id='word_1_75' title='bbox 593 790 636 823; x_wconf 86' lang='lat' dir='ltr'>ut</span> <span class='ocrx_word' id='word_1_76' title='bbox 662 787 952 823; x_wconf 80' lang='lat' dir='ltr'>examinatores</span> <span class='ocrx_word' id='word_1_77' title='bbox 978 788 1019 823; x_wconf 89' lang='lat' dir='ltr'>in</span> <span class='ocrx_word' id='word_1_78' title='bbox 1048 787 1194 823; x_wconf 89' lang='lat' dir='ltr'>annuis</span> <span class='ocrx_word' id='word_1_79' title='bbox 1219 788 1470 824; x_wconf 88' lang='lat' dir='ltr'>examinibus</span> <span class='ocrx_word' id='word_1_80' title='bbox 1496 788 1721 833; x_wconf 85' lang='lat' dir='ltr'>juramento</span> <span class='ocrx_word' id='word_1_81' title='bbox 1743 791 1812 825; x_wconf 92' lang='lat' dir='ltr'>aut</span> <span class='ocrx_word' id='word_1_82' title='bbox 1838 799 1940 835; x_wconf 85' lang='lat' dir='ltr'>prae-</span> 
     </span>
     <span class='ocr_line' id='line_1_12' title="bbox 235 845 1939 897; baseline 0.001 -15"><span class='ocrx_word' id='word_1_83' title='bbox 235 849 345 892; x_wconf 87' lang='lat' dir='ltr'>cepto</span> <span class='ocrx_word' id='word_1_84' title='bbox 373 846 691 892; x_wconf 84' lang='lat' dir='ltr'>astringerentur</span> <span class='ocrx_word' id='word_1_85' title='bbox 720 857 800 881; x_wconf 90' lang='lat' dir='ltr'>non</span> <span class='ocrx_word' id='word_1_86' title='bbox 829 847 1050 882; x_wconf 89' lang='lat' dir='ltr'>admissum</span> <span class='ocrx_word' id='word_1_87' title='bbox 1081 847 1156 882; x_wconf 83' lang='lat' dir='ltr'>luit</span> <span class='ocrx_word' id='word_1_88' title='bbox 1188 846 1239 895; x_wconf 80' lang='lat' dir='ltr'>(a.</span> <span class='ocrx_word' id='word_1_89' title='bbox 1266 847 1381 891; x_wconf 85' lang='lat'><strong>1628,</strong></span> <span class='ocrx_word' id='word_1_90' title='bbox 1405 845 1537 897; x_wconf 88' lang='lat'><strong>1633).</strong></span> <span class='ocrx_word' id='word_1_91' title='bbox 1561 847 1612 883; x_wconf 91' lang='lat' dir='ltr'>At</span> <span class='ocrx_word' id='word_1_92' title='bbox 1638 848 1678 883; x_wconf 91' lang='lat' dir='ltr'>P.</span> <span class='ocrx_word' id='word_1_93' title='bbox 1703 848 1907 884; x_wconf 88' lang='lat' dir='ltr'>Roothaan</span> <span class='ocrx_word' id='word_1_94' title='bbox 1931 860 1939 884; x_wconf 89' lang='lat'>:</span> 
     </span>
     <span class='ocr_line' id='line_1_13' title="bbox 239 898 1943 952; baseline 0.002 -12"><span class='ocrx_word' id='word_1_95' title='bbox 239 918 254 939; x_wconf 91' lang='lat'>«</span> <span class='ocrx_word' id='word_1_96' title='bbox 279 905 397 941; x_wconf 90' lang='lat' dir='ltr'>Entre</span> <span class='ocrx_word' id='word_1_97' title='bbox 422 905 616 941; x_wconf 84' lang='lat' dir='ltr'>l&#39;examen</span> <span class='ocrx_word' id='word_1_98' title='bbox 636 905 689 942; x_wconf 79' lang='lat' dir='ltr'>ad</span> <span class='ocrx_word' id='word_1_99' title='bbox 706 905 878 952; x_wconf 69' lang='lat' dir='ltr'>glradwm</span> <span class='ocrx_word' id='word_1_100' title='bbox 898 909 936 942; x_wconf 86' lang='lat' dir='ltr'>et</span> <span class='ocrx_word' id='word_1_101' title='bbox 956 898 1012 942; x_wconf 82' lang='lat' dir='ltr'>les</span> <span class='ocrx_word' id='word_1_102' title='bbox 1032 917 1219 942; x_wconf 89' lang='lat' dir='ltr'>examens</span> <span class='ocrx_word' id='word_1_103' title='bbox 1240 907 1409 942; x_wconf 89' lang='lat' dir='ltr'>annuels</span> <span class='ocrx_word' id='word_1_104' title='bbox 1437 917 1485 942; x_wconf 94' lang='lat' dir='ltr'>en</span> <span class='ocrx_word' id='word_1_105' title='bbox 1512 917 1554 942; x_wconf 90' lang='lat' dir='ltr'>ce</span> <span class='ocrx_word' id='word_1_106' title='bbox 1581 907 1647 952; x_wconf 91' lang='lat' dir='ltr'>qui</span> <span class='ocrx_word' id='word_1_107' title='bbox 1677 918 1867 943; x_wconf 84' lang='lat' dir='ltr'>concerne</span> <span class='ocrx_word' id='word_1_108' title='bbox 1886 908 1943 944; x_wconf 89' lang='lat' dir='ltr'>les</span> 
     </span>
     <span class='ocr_line' id='line_1_14' title="bbox 234 965 1943 1012; baseline 0.001 -12"><span class='ocrx_word' id='word_1_109' title='bbox 234 965 472 1010; x_wconf 81' lang='lat' dir='ltr'>obligations</span> <span class='ocrx_word' id='word_1_110' title='bbox 493 965 561 1000; x_wconf 91' lang='lat' dir='ltr'>des</span> <span class='ocrx_word' id='word_1_111' title='bbox 582 966 891 1009; x_wconf 89' lang='lat' dir='ltr'>examinateurs,</span> <span class='ocrx_word' id='word_1_112' title='bbox 915 966 943 1001; x_wconf 92' lang='lat' dir='ltr'>il</span> <span class='ocrx_word' id='word_1_113' title='bbox 970 966 1035 1012; x_wconf 83' lang='lat' dir='ltr'>n&#39;y</span> <span class='ocrx_word' id='word_1_114' title='bbox 1058 976 1079 1001; x_wconf 91' lang='lat' dir='ltr'>a</span> <span class='ocrx_word' id='word_1_115' title='bbox 1107 966 1261 1001; x_wconf 84' lang='lat' dir='ltr'>d&#39;autre</span> <span class='ocrx_word' id='word_1_116' title='bbox 1289 966 1498 1002; x_wconf 77' lang='lat' dir='ltr'>difference</span> <span class='ocrx_word' id='word_1_117' title='bbox 1526 976 1601 1012; x_wconf 89' lang='lat' dir='ltr'>que</span> <span class='ocrx_word' id='word_1_118' title='bbox 1622 967 1657 1002; x_wconf 89' lang='lat' dir='ltr'>le</span> <span class='ocrx_word' id='word_1_119' title='bbox 1682 969 1855 1003; x_wconf 79' lang='lat' dir='ltr'>serment</span> <span class='ocrx_word' id='word_1_120' title='bbox 1875 967 1943 1012; x_wconf 91' lang='lat' dir='ltr'>qui</span> 
     </span>
     <span class='ocr_line' id='line_1_15' title="bbox 234 1025 1943 1072; baseline 0.002 -13"><span class='ocrx_word' id='word_1_121' title='bbox 234 1034 495 1070; x_wconf 82' lang='lat' dir='ltr'>accompagne</span> <span class='ocrx_word' id='word_1_122' title='bbox 527 1025 687 1060; x_wconf 79' lang='lat' dir='ltr'>celui—la</span> <span class='ocrx_word' id='word_1_123' title='bbox 716 1028 754 1060; x_wconf 91' lang='lat' dir='ltr'>et</span> <span class='ocrx_word' id='word_1_124' title='bbox 788 1035 866 1060; x_wconf 88' lang='lat' dir='ltr'>non</span> <span class='ocrx_word' id='word_1_125' title='bbox 899 1035 969 1071; x_wconf 93' lang='lat' dir='ltr'>pas</span> <span class='ocrx_word' id='word_1_126' title='bbox 1005 1025 1169 1062; x_wconf 85' lang='lat' dir='ltr'>ceux-ci.</span> <span class='ocrx_word' id='word_1_127' title='bbox 1208 1025 1264 1061; x_wconf 88' lang='lat' dir='ltr'>En</span> <span class='ocrx_word' id='word_1_128' title='bbox 1295 1026 1576 1071; x_wconf 83' lang='lat' dir='ltr'>consequence,</span> <span class='ocrx_word' id='word_1_129' title='bbox 1616 1026 1653 1062; x_wconf 96' lang='grc'>13</span> <span class='ocrx_word' id='word_1_130' title='bbox 1686 1027 1852 1072; x_wconf 82' lang='lat' dir='ltr'>repense</span> <span class='ocrx_word' id='word_1_131' title='bbox 1890 1027 1943 1062; x_wconf 94' lang='lat' dir='ltr'>du</span> 
     </span>
     <span class='ocr_line' id='line_1_16' title="bbox 234 1083 1940 1131; baseline 0.002 -12"><span class='ocrx_word' id='word_1_132' title='bbox 234 1084 275 1120; x_wconf 84' lang='lat' dir='ltr'><strong>P.</strong></span> <span class='ocrx_word' id='word_1_133' title='bbox 303 1084 450 1130; x_wconf 83' lang='lat' dir='ltr'>Thyrse</span> <span class='ocrx_word' id='word_1_134' title='bbox 486 1083 548 1130; x_wconf 92' lang='lat' dir='ltr'>(de</span> <span class='ocrx_word' id='word_1_135' title='bbox 583 1094 660 1130; x_wconf 87' lang='lat' dir='ltr'>qua</span> <span class='ocrx_word' id='word_1_136' title='bbox 696 1085 737 1119; x_wconf 91' lang='lat' dir='ltr'>in</span> <span class='ocrx_word' id='word_1_137' title='bbox 766 1087 859 1120; x_wconf 89' lang='lat' dir='ltr'>nota</span> <span class='ocrx_word' id='word_1_138' title='bbox 889 1084 1084 1131; x_wconf 85' lang='lat' dir='ltr'>sequenti)</span> <span class='ocrx_word' id='word_1_139' title='bbox 1118 1088 1177 1120; x_wconf 90' lang='lat' dir='ltr'>est</span> <span class='ocrx_word' id='word_1_140' title='bbox 1207 1085 1428 1131; x_wconf 88' lang='lat' dir='ltr'>applicable</span> <span class='ocrx_word' id='word_1_141' title='bbox 1465 1098 1479 1118; x_wconf 89' lang='lat'>»</span> <span class='ocrx_word' id='word_1_142' title='bbox 1514 1084 1566 1131; x_wconf 74' lang='lat' dir='ltr'>(k.</span> <span class='ocrx_word' id='word_1_143' title='bbox 1598 1085 1649 1121; x_wconf 89' lang='lat' dir='ltr'>ad</span> <span class='ocrx_word' id='word_1_144' title='bbox 1676 1085 1783 1121; x_wconf 86' lang='lat' dir='ltr'>Rect.</span> <span class='ocrx_word' id='word_1_145' title='bbox 1813 1086 1940 1130; x_wconf 86' lang='lat' dir='ltr'>Vals.,</span> 
     </span>
     <span class='ocr_line' id='line_1_17' title="bbox 238 1142 560 1189; baseline 0.003 -11"><span class='ocrx_word' id='word_1_146' title='bbox 238 1142 286 1178; x_wconf 92' lang='lat'>12</span> <span class='ocrx_word' id='word_1_147' title='bbox 307 1145 407 1188; x_wconf 90' lang='lat' dir='ltr'>sept.</span> <span class='ocrx_word' id='word_1_148' title='bbox 428 1142 560 1189; x_wconf 90' lang='grc'>1835).</span> 
     </span>
    </p>
   </div>
   <div class='ocr_carea' id='block_1_7' title="bbox 233 1212 1947 2755">
    <p class='ocr_par' dir='ltr' id='par_1_7' title="bbox 233 1212 1945 1443">
     <span class='ocr_line' id='line_1_18' title="bbox 288 1212 1945 1261; baseline 0.002 -13"><span class='ocrx_word' id='word_1_149' title='bbox 288 1212 304 1237; x_wconf 84' lang='grc'>5</span> <span class='ocrx_word' id='word_1_150' title='bbox 324 1214 366 1249; x_wconf 90' lang='lat' dir='ltr'>Id</span> <span class='ocrx_word' id='word_1_151' title='bbox 385 1214 466 1259; x_wconf 76' lang='lat' dir='ltr'>J&#39;am</span> <span class='ocrx_word' id='word_1_152' title='bbox 486 1215 527 1250; x_wconf 89' lang='lat' dir='ltr'>P.</span> <span class='ocrx_word' id='word_1_153' title='bbox 548 1215 722 1261; x_wconf 81' lang='lat' dir='ltr'>Thyrsus</span> <span class='ocrx_word' id='word_1_154' title='bbox 744 1215 999 1261; x_wconf 80' lang='lat' dir='ltr'>probaverat3</span> <span class='ocrx_word' id='word_1_155' title='bbox 1024 1225 1103 1251; x_wconf 88' lang='lat' dir='ltr'>non</span> <span class='ocrx_word' id='word_1_156' title='bbox 1124 1218 1256 1251; x_wconf 87' lang='lat' dir='ltr'>tamen</span> <span class='ocrx_word' id='word_1_157' title='bbox 1274 1215 1315 1251; x_wconf 92' lang='lat' dir='ltr'>in</span> <span class='ocrx_word' id='word_1_158' title='bbox 1338 1215 1612 1261; x_wconf 77' lang='lat' dir='ltr'>praeJ‘udicium</span> <span class='ocrx_word' id='word_1_159' title='bbox 1635 1216 1850 1252; x_wconf 89' lang='lat' dir='ltr'>examinati</span> <span class='ocrx_word' id='word_1_160' title='bbox 1871 1216 1945 1252; x_wconf 93' lang='lat' dir='ltr'>hac</span> 
     </span>
     <span class='ocr_line' id='line_1_19' title="bbox 236 1271 1944 1323; baseline 0.001 -14"><span class='ocrx_word' id='word_1_161' title='bbox 236 1273 399 1309; x_wconf 88' lang='lat' dir='ltr'>scientia</span> <span class='ocrx_word' id='word_1_162' title='bbox 428 1273 487 1309; x_wconf 90' lang='lat' dir='ltr'>uti</span> <span class='ocrx_word' id='word_1_163' title='bbox 515 1274 604 1309; x_wconf 85' lang='lat' dir='ltr'>licet</span> <span class='ocrx_word' id='word_1_164' title='bbox 637 1271 687 1320; x_wconf 83' lang='lat' dir='ltr'>(a.</span> <span class='ocrx_word' id='word_1_165' title='bbox 714 1271 967 1323; x_wconf 83' lang='lat'><strong>1637-1640).</strong></span> <span class='ocrx_word' id='word_1_166' title='bbox 1001 1275 1298 1311; x_wconf 86' lang='lat' dir='ltr'>Examinatores</span> <span class='ocrx_word' id='word_1_167' title='bbox 1332 1285 1486 1321; x_wconf 88' lang='lat' dir='ltr'>semper</span> <span class='ocrx_word' id='word_1_168' title='bbox 1512 1286 1560 1310; x_wconf 89' lang='lat' dir='ltr'>ex</span> <span class='ocrx_word' id='word_1_169' title='bbox 1589 1275 1749 1321; x_wconf 88' lang='lat' dir='ltr'>propria</span> <span class='ocrx_word' id='word_1_170' title='bbox 1780 1275 1944 1311; x_wconf 89' lang='lat' dir='ltr'>scientia</span> 
     </span>
     <span class='ocr_line' id='line_1_20' title="bbox 233 1332 1944 1384; baseline 0.002 -17"><span class='ocrx_word' id='word_1_171' title='bbox 233 1332 409 1378; x_wconf 76' lang='lat' dir='ltr'>judicare</span> <span class='ocrx_word' id='word_1_172' title='bbox 441 1333 583 1369; x_wconf 89' lang='lat' dir='ltr'>debent</span> <span class='ocrx_word' id='word_1_173' title='bbox 612 1343 684 1369; x_wconf 87' lang='lat' dir='ltr'>nec</span> <span class='ocrx_word' id='word_1_174' title='bbox 716 1334 952 1380; x_wconf 86' lang='lat' dir='ltr'>conjecturis</span> <span class='ocrx_word' id='word_1_175' title='bbox 980 1334 1183 1370; x_wconf 89' lang='lat' dir='ltr'>fidendum</span> <span class='ocrx_word' id='word_1_176' title='bbox 1212 1332 1263 1384; x_wconf 79' lang='lat' dir='ltr'>(a.</span> <span class='ocrx_word' id='word_1_177' title='bbox 1292 1333 1421 1383; x_wconf 89' lang='lat'><strong>1656).</strong></span> <span class='ocrx_word' id='word_1_178' title='bbox 1459 1334 1706 1380; x_wconf 90' lang='lat' dir='ltr'>Responsum</span> <span class='ocrx_word' id='word_1_179' title='bbox 1739 1335 1779 1370; x_wconf 92' lang='lat' dir='ltr'>P.</span> <span class='ocrx_word' id='word_1_180' title='bbox 1804 1335 1944 1381; x_wconf 86' lang='lat' dir='ltr'>Thyrsi</span> 
     </span>
     <span class='ocr_line' id='line_1_21' title="bbox 236 1390 1620 1443; baseline 0.001 -16"><span class='ocrx_word' id='word_1_181' title='bbox 236 1392 290 1428; x_wconf 90' lang='lat' dir='ltr'>ita</span> <span class='ocrx_word' id='word_1_182' title='bbox 311 1392 535 1428; x_wconf 87' lang='lat' dir='ltr'>declarabat</span> <span class='ocrx_word' id='word_1_183' title='bbox 556 1393 596 1429; x_wconf 92' lang='lat' dir='ltr'>P.</span> <span class='ocrx_word' id='word_1_184' title='bbox 621 1393 825 1429; x_wconf 89' lang='lat' dir='ltr'>Roothaan</span> <span class='ocrx_word' id='word_1_185' title='bbox 845 1390 894 1442; x_wconf 69' lang='lat' dir='ltr'>(le.</span> <span class='ocrx_word' id='word_1_186' title='bbox 918 1394 968 1429; x_wconf 90' lang='lat' dir='ltr'>ad</span> <span class='ocrx_word' id='word_1_187' title='bbox 989 1394 1096 1430; x_wconf 88' lang='lat' dir='ltr'>Rect.</span> <span class='ocrx_word' id='word_1_188' title='bbox 1119 1394 1246 1437; x_wconf 86' lang='lat' dir='ltr'>Vals.,</span> <span class='ocrx_word' id='word_1_189' title='bbox 1274 1394 1321 1429; x_wconf 87' lang='grc'>12</span> <span class='ocrx_word' id='word_1_190' title='bbox 1344 1396 1443 1440; x_wconf 90' lang='lat' dir='ltr'>sept.</span> <span class='ocrx_word' id='word_1_191' title='bbox 1473 1391 1587 1443; x_wconf 91' lang='grc'>1835)</span> <span class='ocrx_word' id='word_1_192' title='bbox 1612 1405 1620 1429; x_wconf 91' lang='lat'>:</span> 
     </span>
    </p>

    <p class='ocr_par' dir='ltr' id='par_1_8' title="bbox 236 1451 1947 2328">
     <span class='ocr_line' id='line_1_22' title="bbox 293 1451 1944 1500; baseline 0.002 -15"><span class='ocrx_word' id='word_1_193' title='bbox 293 1464 308 1484; x_wconf 92' lang='lat'>«</span> <span class='ocrx_word' id='word_1_194' title='bbox 333 1451 427 1486; x_wconf 93' lang='lat' dir='ltr'>Bien</span> <span class='ocrx_word' id='word_1_195' title='bbox 447 1461 522 1497; x_wconf 87' lang='lat' dir='ltr'>que</span> <span class='ocrx_word' id='word_1_196' title='bbox 537 1452 636 1488; x_wconf 91' lang='lat' dir='ltr'>dans</span> <span class='ocrx_word' id='word_1_197' title='bbox 655 1453 690 1488; x_wconf 94' lang='lat' dir='ltr'>le</span> <span class='ocrx_word' id='word_1_198' title='bbox 708 1452 877 1498; x_wconf 88' lang='lat' dir='ltr'>premier</span> <span class='ocrx_word' id='word_1_199' title='bbox 898 1453 1014 1488; x_wconf 82' lang='lat' dir='ltr'>siecle</span> <span class='ocrx_word' id='word_1_200' title='bbox 1032 1453 1079 1489; x_wconf 89' lang='lat' dir='ltr'>de</span> <span class='ocrx_word' id='word_1_201' title='bbox 1100 1454 1137 1489; x_wconf 90' lang='grc'>13</span> <span class='ocrx_word' id='word_1_202' title='bbox 1158 1453 1396 1500; x_wconf 90' lang='lat' dir='ltr'>Compagnie</span> <span class='ocrx_word' id='word_1_203' title='bbox 1415 1463 1465 1488; x_wconf 91' lang='lat' dir='ltr'>on</span> <span class='ocrx_word' id='word_1_204' title='bbox 1483 1453 1538 1488; x_wconf 89' lang='lat' dir='ltr'>ait</span> <span class='ocrx_word' id='word_1_205' title='bbox 1560 1454 1620 1489; x_wconf 81' lang='lat' dir='ltr'>ete</span> <span class='ocrx_word' id='word_1_206' title='bbox 1641 1454 1804 1499; x_wconf 83' lang='lat' dir='ltr'>partage</span> <span class='ocrx_word' id='word_1_207' title='bbox 1823 1453 1944 1499; x_wconf 91' lang='lat' dir='ltr'>d’opi-</span> 
     </span>
     <span class='ocr_line' id='line_1_23' title="bbox 236 1510 1941 1558; baseline 0.002 -13"><span class='ocrx_word' id='word_1_208' title='bbox 236 1510 344 1554; x_wconf 89' lang='lat' dir='ltr'>nion,</span> <span class='ocrx_word' id='word_1_209' title='bbox 365 1513 401 1546; x_wconf 86' lang='lat' dir='ltr'>et</span> <span class='ocrx_word' id='word_1_210' title='bbox 420 1521 495 1556; x_wconf 87' lang='lat' dir='ltr'>que</span> <span class='ocrx_word' id='word_1_211' title='bbox 513 1511 712 1557; x_wconf 90' lang='lat' dir='ltr'>plusieurs</span> <span class='ocrx_word' id='word_1_212' title='bbox 733 1512 904 1548; x_wconf 88' lang='lat' dir='ltr'>tinssent</span> <span class='ocrx_word' id='word_1_213' title='bbox 925 1523 1000 1558; x_wconf 92' lang='lat' dir='ltr'>que</span> <span class='ocrx_word' id='word_1_214' title='bbox 1014 1513 1071 1549; x_wconf 91' lang='lat' dir='ltr'>les</span> <span class='ocrx_word' id='word_1_215' title='bbox 1092 1513 1386 1548; x_wconf 89' lang='lat' dir='ltr'>examinateurs</span> <span class='ocrx_word' id='word_1_216' title='bbox 1407 1513 1618 1558; x_wconf 87' lang='lat' dir='ltr'>pouvaient</span> <span class='ocrx_word' id='word_1_217' title='bbox 1639 1512 1818 1548; x_wconf 84' lang='lat' dir='ltr'>modifier</span> <span class='ocrx_word' id='word_1_218' title='bbox 1835 1513 1941 1548; x_wconf 90' lang='lat' dir='ltr'>leurs</span> 
     </span>
     <span class='ocr_line' id='line_1_24' title="bbox 238 1570 1945 1618; baseline 0.001 -12"><span class='ocrx_word' id='word_1_219' title='bbox 238 1570 430 1615; x_wconf 75' lang='lat' dir='ltr'>suffrages</span> <span class='ocrx_word' id='word_1_220' title='bbox 451 1570 606 1616; x_wconf 83' lang='lat' dir='ltr'>d&#39;apres</span> <span class='ocrx_word' id='word_1_221' title='bbox 626 1571 662 1606; x_wconf 94' lang='grc'>13</span> <span class='ocrx_word' id='word_1_222' title='bbox 682 1572 928 1618; x_wconf 84' lang='lat' dir='ltr'>temoignage</span> <span class='ocrx_word' id='word_1_223' title='bbox 948 1572 1016 1607; x_wconf 88' lang='lat' dir='ltr'>des</span> <span class='ocrx_word' id='word_1_224' title='bbox 1037 1575 1185 1614; x_wconf 91' lang='lat' dir='ltr'>autres,</span> <span class='ocrx_word' id='word_1_225' title='bbox 1214 1572 1242 1607; x_wconf 93' lang='lat' dir='ltr'>il</span> <span class='ocrx_word' id='word_1_226' title='bbox 1264 1575 1323 1608; x_wconf 89' lang='lat' dir='ltr'>est</span> <span class='ocrx_word' id='word_1_227' title='bbox 1345 1572 1495 1607; x_wconf 88' lang='lat' dir='ltr'>certain</span> <span class='ocrx_word' id='word_1_228' title='bbox 1516 1581 1591 1617; x_wconf 92' lang='lat' dir='ltr'>que</span> <span class='ocrx_word' id='word_1_229' title='bbox 1618 1571 1700 1607; x_wconf 85' lang='lat' dir='ltr'>cela</span> <span class='ocrx_word' id='word_1_230' title='bbox 1721 1581 1770 1607; x_wconf 88' lang='lat' dir='ltr'>ne</span> <span class='ocrx_word' id='word_1_231' title='bbox 1792 1582 1832 1607; x_wconf 90' lang='lat' dir='ltr'>se</span> <span class='ocrx_word' id='word_1_232' title='bbox 1853 1575 1945 1618; x_wconf 89' lang='lat' dir='ltr'>peut</span> 
     </span>
     <span class='ocr_line' id='line_1_25' title="bbox 237 1629 1945 1676; baseline 0.001 -11"><span class='ocrx_word' id='word_1_233' title='bbox 237 1629 503 1674; x_wconf 85' lang='lat' dir='ltr'>aujourd&#39;hui.</span> <span class='ocrx_word' id='word_1_234' title='bbox 530 1642 545 1663; x_wconf 86' lang='lat'>»</span> <span class='ocrx_word' id='word_1_235' title='bbox 570 1629 672 1666; x_wconf 90' lang='lat' dir='ltr'>Citat</span> <span class='ocrx_word' id='word_1_236' title='bbox 692 1630 737 1666; x_wconf 86' lang='lat' dir='ltr'>R.</span> <span class='ocrx_word' id='word_1_237' title='bbox 759 1631 799 1665; x_wconf 91' lang='lat' dir='ltr'>P.</span> <span class='ocrx_word' id='word_1_238' title='bbox 822 1641 924 1676; x_wconf 89' lang='lat' dir='ltr'>resp.</span> <span class='ocrx_word' id='word_1_239' title='bbox 946 1641 1010 1666; x_wconf 92' lang='lat' dir='ltr'>an.</span> <span class='ocrx_word' id='word_1_240' title='bbox 1035 1631 1151 1675; x_wconf 88' lang='grc'>1656,</span> <span class='ocrx_word' id='word_1_241' title='bbox 1173 1634 1210 1667; x_wconf 83' lang='grc'>31</span> <span class='ocrx_word' id='word_1_242' title='bbox 1232 1631 1342 1667; x_wconf 92' lang='lat' dir='ltr'>addit</span> <span class='ocrx_word' id='word_1_243' title='bbox 1364 1643 1372 1666; x_wconf 89' lang='lat'>:</span> <span class='ocrx_word' id='word_1_244' title='bbox 1398 1644 1413 1664; x_wconf 89' lang='lat'>«</span> <span class='ocrx_word' id='word_1_245' title='bbox 1440 1631 1496 1666; x_wconf 90' lang='lat' dir='ltr'>En</span> <span class='ocrx_word' id='word_1_246' title='bbox 1517 1631 1620 1674; x_wconf 77' lang='grc'>31131,</span> <span class='ocrx_word' id='word_1_247' title='bbox 1643 1631 1682 1666; x_wconf 88' lang='grc'>13</span> <span class='ocrx_word' id='word_1_248' title='bbox 1703 1631 1872 1667; x_wconf 75' lang='lat' dir='ltr'>formule</span> <span class='ocrx_word' id='word_1_249' title='bbox 1892 1632 1945 1668; x_wconf 94' lang='lat' dir='ltr'>du</span> 
     </span>
     <span class='ocr_line' id='line_1_26' title="bbox 238 1690 1945 1736; baseline 0.001 -12"><span class='ocrx_word' id='word_1_250' title='bbox 238 1691 455 1725; x_wconf 87' lang='lat' dir='ltr'>serment...</span> <span class='ocrx_word' id='word_1_251' title='bbox 485 1699 655 1735; x_wconf 89' lang='lat' dir='ltr'>suppose</span> <span class='ocrx_word' id='word_1_252' title='bbox 685 1700 762 1726; x_wconf 90' lang='lat' dir='ltr'>une</span> <span class='ocrx_word' id='word_1_253' title='bbox 783 1690 1004 1726; x_wconf 85' lang='lat' dir='ltr'>conviction</span> <span class='ocrx_word' id='word_1_254' title='bbox 1033 1691 1129 1736; x_wconf 74' lang='lat' dir='ltr'>qu’il</span> <span class='ocrx_word' id='word_1_255' title='bbox 1158 1690 1259 1726; x_wconf 86' lang='lat' dir='ltr'>n’e&#39;st</span> <span class='ocrx_word' id='word_1_256' title='bbox 1280 1691 1399 1736; x_wconf 80' lang='lat' dir='ltr'>gnere</span> <span class='ocrx_word' id='word_1_257' title='bbox 1420 1690 1593 1736; x_wconf 85' lang='lat' dir='ltr'>possible</span> <span class='ocrx_word' id='word_1_258' title='bbox 1624 1690 1845 1736; x_wconf 83' lang='lat' dir='ltr'>d’acquerir</span> <span class='ocrx_word' id='word_1_259' title='bbox 1874 1700 1945 1736; x_wconf 89' lang='lat' dir='ltr'>par</span> 
     </span>
     <span class='ocr_line' id='line_1_27' title="bbox 237 1748 1946 1796; baseline 0.001 -13"><span class='ocrx_word' id='word_1_260' title='bbox 237 1748 273 1784; x_wconf 93' lang='lat' dir='ltr'>le</span> <span class='ocrx_word' id='word_1_261' title='bbox 299 1748 442 1783; x_wconf 83' lang='lat' dir='ltr'>travail</span> <span class='ocrx_word' id='word_1_262' title='bbox 468 1748 655 1785; x_wconf 83' lang='lat' dir='ltr'>d&#39;autrui.</span> <span class='ocrx_word' id='word_1_263' title='bbox 680 1750 750 1785; x_wconf 91' lang='lat' dir='ltr'>Les</span> <span class='ocrx_word' id='word_1_264' title='bbox 774 1750 1020 1795; x_wconf 83' lang='lat' dir='ltr'>proiesseurs</span> <span class='ocrx_word' id='word_1_265' title='bbox 1049 1753 1205 1786; x_wconf 87' lang='lat' dir='ltr'>surtout</span> <span class='ocrx_word' id='word_1_266' title='bbox 1227 1760 1276 1785; x_wconf 92' lang='lat' dir='ltr'>ne</span> <span class='ocrx_word' id='word_1_267' title='bbox 1298 1753 1386 1785; x_wconf 90' lang='lat' dir='ltr'>sont</span> <span class='ocrx_word' id='word_1_268' title='bbox 1411 1760 1480 1796; x_wconf 90' lang='lat' dir='ltr'>pas</span> <span class='ocrx_word' id='word_1_269' title='bbox 1503 1750 1682 1795; x_wconf 85' lang='lat' dir='ltr'>touJ&#39;ours</span> <span class='ocrx_word' id='word_1_270' title='bbox 1702 1753 1880 1796; x_wconf 90' lang='lat' dir='ltr'>exempts</span> <span class='ocrx_word' id='word_1_271' title='bbox 1899 1750 1946 1786; x_wconf 93' lang='lat' dir='ltr'>de</span> 
     </span>
     <span class='ocr_line' id='line_1_28' title="bbox 238 1808 1946 1855; baseline 0.001 -12"><span class='ocrx_word' id='word_1_272' title='bbox 238 1808 490 1853; x_wconf 81' lang='lat' dir='ltr'>preventions</span> <span class='ocrx_word' id='word_1_273' title='bbox 517 1808 616 1844; x_wconf 89' lang='lat' dir='ltr'>dans</span> <span class='ocrx_word' id='word_1_274' title='bbox 640 1809 697 1844; x_wconf 90' lang='lat' dir='ltr'>les</span> <span class='ocrx_word' id='word_1_275' title='bbox 723 1809 945 1855; x_wconf 87' lang='lat' dir='ltr'>jugements</span> <span class='ocrx_word' id='word_1_276' title='bbox 972 1810 1090 1855; x_wconf 75' lang='lat' dir='ltr'>qu&#39;ils</span> <span class='ocrx_word' id='word_1_277' title='bbox 1112 1812 1270 1855; x_wconf 89' lang='lat' dir='ltr'>portent</span> <span class='ocrx_word' id='word_1_278' title='bbox 1292 1810 1339 1845; x_wconf 92' lang='lat' dir='ltr'>de</span> <span class='ocrx_word' id='word_1_279' title='bbox 1359 1810 1466 1845; x_wconf 86' lang='lat' dir='ltr'>leurs</span> <span class='ocrx_word' id='word_1_280' title='bbox 1494 1809 1700 1855; x_wconf 79' lang='lat' dir='ltr'>disciples3</span> <span class='ocrx_word' id='word_1_281' title='bbox 1725 1812 1761 1844; x_wconf 91' lang='lat' dir='ltr'>et</span> <span class='ocrx_word' id='word_1_282' title='bbox 1783 1819 1825 1845; x_wconf 85' lang='lat' dir='ltr'>ce</span> <span class='ocrx_word' id='word_1_283' title='bbox 1845 1809 1946 1846; x_wconf 86' lang='lat' dir='ltr'>n&#39;est</span> 
     </span>
     <span class='ocr_line' id='line_1_29' title="bbox 239 1867 1945 1915; baseline 0.001 -13"><span class='ocrx_word' id='word_1_284' title='bbox 239 1877 309 1912; x_wconf 86' lang='lat' dir='ltr'>pas</span> <span class='ocrx_word' id='word_1_285' title='bbox 330 1877 423 1902; x_wconf 87' lang='lat' dir='ltr'>sans</span> <span class='ocrx_word' id='word_1_286' title='bbox 444 1867 577 1903; x_wconf 91' lang='lat' dir='ltr'>raison</span> <span class='ocrx_word' id='word_1_287' title='bbox 596 1868 714 1913; x_wconf 91' lang='lat' dir='ltr'>qu&#39;on</span> <span class='ocrx_word' id='word_1_288' title='bbox 736 1869 887 1913; x_wconf 78' lang='lat' dir='ltr'>pretere</span> <span class='ocrx_word' id='word_1_289' title='bbox 908 1880 982 1914; x_wconf 89' lang='lat' dir='ltr'>que</span> <span class='ocrx_word' id='word_1_290' title='bbox 1003 1869 1059 1904; x_wconf 90' lang='lat' dir='ltr'>les</span> <span class='ocrx_word' id='word_1_291' title='bbox 1081 1869 1376 1905; x_wconf 88' lang='lat' dir='ltr'>examinateurs</span> <span class='ocrx_word' id='word_1_292' title='bbox 1396 1869 1449 1905; x_wconf 81' lang='lat' dir='ltr'>ad</span> <span class='ocrx_word' id='word_1_293' title='bbox 1468 1868 1638 1915; x_wconf 63' lang='lat' dir='ltr'>gradum</span> <span class='ocrx_word' id='word_1_294' title='bbox 1658 1879 1707 1904; x_wconf 90' lang='lat' dir='ltr'>ne</span> <span class='ocrx_word' id='word_1_295' title='bbox 1727 1869 1853 1904; x_wconf 89' lang='lat' dir='ltr'>soient</span> <span class='ocrx_word' id='word_1_296' title='bbox 1874 1879 1945 1915; x_wconf 90' lang='lat' dir='ltr'>pas</span> 
     </span>
     <span class='ocr_line' id='line_1_30' title="bbox 238 1926 1947 1973; baseline 0.002 -13"><span class='ocrx_word' id='word_1_297' title='bbox 238 1926 295 1961; x_wconf 89' lang='lat' dir='ltr'>les</span> <span class='ocrx_word' id='word_1_298' title='bbox 314 1926 560 1971; x_wconf 82' lang='lat' dir='ltr'>protesseurs</span> <span class='ocrx_word' id='word_1_299' title='bbox 578 1937 741 1972; x_wconf 89' lang='lat' dir='ltr'>propres</span> <span class='ocrx_word' id='word_1_300' title='bbox 759 1928 811 1963; x_wconf 93' lang='lat' dir='ltr'>du</span> <span class='ocrx_word' id='word_1_301' title='bbox 830 1928 946 1973; x_wconf 78' lang='lat' dir='ltr'>quet.</span> <span class='ocrx_word' id='word_1_302' title='bbox 973 1940 987 1961; x_wconf 91' lang='lat'>»</span> <span class='ocrx_word' id='word_1_303' title='bbox 1009 1928 1054 1964; x_wconf 91' lang='lat' dir='ltr'>Et</span> <span class='ocrx_word' id='word_1_304' title='bbox 1072 1928 1122 1963; x_wconf 91' lang='lat' dir='ltr'>ad</span> <span class='ocrx_word' id='word_1_305' title='bbox 1143 1929 1183 1964; x_wconf 89' lang='lat' dir='ltr'>P.</span> <span class='ocrx_word' id='word_1_306' title='bbox 1204 1928 1397 1971; x_wconf 90' lang='lat' dir='ltr'>Druilhet,</span> <span class='ocrx_word' id='word_1_307' title='bbox 1421 1927 1442 1963; x_wconf 93' lang='lat'><strong>6</strong></span> <span class='ocrx_word' id='word_1_308' title='bbox 1462 1928 1544 1963; x_wconf 90' lang='lat' dir='ltr'>dec.</span> <span class='ocrx_word' id='word_1_309' title='bbox 1569 1927 1669 1963; x_wconf 83' lang='lat'>1835</span> <span class='ocrx_word' id='word_1_310' title='bbox 1692 1939 1699 1962; x_wconf 93' lang='lat'><strong>:</strong></span> <span class='ocrx_word' id='word_1_311' title='bbox 1729 1940 1743 1960; x_wconf 89' lang='lat'>«</span> <span class='ocrx_word' id='word_1_312' title='bbox 1771 1928 1823 1963; x_wconf 92' lang='lat' dir='ltr'>La</span> <span class='ocrx_word' id='word_1_313' title='bbox 1845 1928 1947 1963; x_wconf 84' lang='lat' dir='ltr'>deci—</span> 
     </span>
     <span class='ocr_line' id='line_1_31' title="bbox 240 1985 1945 2033; baseline 0.002 -13"><span class='ocrx_word' id='word_1_314' title='bbox 240 1985 325 2020; x_wconf 82' lang='grc'>5103</span> <span class='ocrx_word' id='word_1_315' title='bbox 355 1985 407 2021; x_wconf 92' lang='lat' dir='ltr'>du</span> <span class='ocrx_word' id='word_1_316' title='bbox 429 1986 469 2021; x_wconf 91' lang='lat' dir='ltr'><strong>P.</strong></span> <span class='ocrx_word' id='word_1_317' title='bbox 493 1986 640 2032; x_wconf 85' lang='lat' dir='ltr'>Thyrse</span> <span class='ocrx_word' id='word_1_318' title='bbox 669 1986 858 2022; x_wconf 88' lang='lat' dir='ltr'>Gonzalez</span> <span class='ocrx_word' id='word_1_319' title='bbox 889 1997 958 2022; x_wconf 94' lang='lat' dir='ltr'>sur</span> <span class='ocrx_word' id='word_1_320' title='bbox 987 1987 1043 2022; x_wconf 91' lang='lat' dir='ltr'>les</span> <span class='ocrx_word' id='word_1_321' title='bbox 1075 1987 1268 2033; x_wconf 78' lang='lat' dir='ltr'>suffrages</span> <span class='ocrx_word' id='word_1_322' title='bbox 1296 1988 1343 2022; x_wconf 89' lang='lat' dir='ltr'>de</span> <span class='ocrx_word' id='word_1_323' title='bbox 1364 1988 1558 2022; x_wconf 86' lang='lat' dir='ltr'>l&#39;examen</span> <span class='ocrx_word' id='word_1_324' title='bbox 1585 1986 1638 2022; x_wconf 78' lang='lat' dir='ltr'>ad</span> <span class='ocrx_word' id='word_1_325' title='bbox 1656 1986 1827 2033; x_wconf 70' lang='lat' dir='ltr'>yradum</span> <span class='ocrx_word' id='word_1_326' title='bbox 1853 1990 1945 2032; x_wconf 93' lang='lat' dir='ltr'>peut</span> 
     </span>
     <span class='ocr_line' id='line_1_32' title="bbox 239 2040 1945 2091; baseline 0.002 -12"><span class='ocrx_word' id='word_1_327' title='bbox 239 2044 320 2080; x_wconf 79' lang='lat' dir='ltr'>etre</span> <span class='ocrx_word' id='word_1_328' title='bbox 349 2045 488 2087; x_wconf 89' lang='lat' dir='ltr'>suivie,</span> <span class='ocrx_word' id='word_1_329' title='bbox 514 2046 614 2081; x_wconf 88' lang='lat' dir='ltr'>mais</span> <span class='ocrx_word' id='word_1_330' title='bbox 643 2056 736 2081; x_wconf 88' lang='lat' dir='ltr'>avec</span> <span class='ocrx_word' id='word_1_331' title='bbox 765 2046 934 2091; x_wconf 85' lang='lat' dir='ltr'>quelque</span> <span class='ocrx_word' id='word_1_332' title='bbox 963 2047 1132 2089; x_wconf 82' lang='lat' dir='ltr'>reserve,</span> <span class='ocrx_word' id='word_1_333' title='bbox 1158 2047 1204 2082; x_wconf 88' lang='lat' dir='ltr'>de</span> <span class='ocrx_word' id='word_1_334' title='bbox 1229 2046 1403 2081; x_wconf 75' lang='lat' dir='ltr'>maniere</span> <span class='ocrx_word' id='word_1_335' title='bbox 1431 2047 1451 2081; x_wconf 83' lang='grc'>3</span> <span class='ocrx_word' id='word_1_336' title='bbox 1479 2056 1528 2081; x_wconf 93' lang='lat' dir='ltr'>ne</span> <span class='ocrx_word' id='word_1_337' title='bbox 1555 2046 1665 2091; x_wconf 91' lang='lat' dir='ltr'>point</span> <span class='ocrx_word' id='word_1_338' title='bbox 1692 2040 1862 2082; x_wconf 81' lang='lat' dir='ltr'>assaiblir</span> <span class='ocrx_word' id='word_1_339' title='bbox 1889 2047 1945 2082; x_wconf 91' lang='lat' dir='ltr'>les</span> 
     </span>
     <span class='ocr_line' id='line_1_33' title="bbox 237 2104 1945 2151; baseline 0.001 -12"><span class='ocrx_word' id='word_1_340' title='bbox 237 2104 389 2139; x_wconf 66' lang='lat' dir='ltr'>decrets</span> <span class='ocrx_word' id='word_1_341' title='bbox 417 2105 484 2140; x_wconf 93' lang='lat' dir='ltr'>des</span> <span class='ocrx_word' id='word_1_342' title='bbox 515 2104 823 2151; x_wconf 83' lang='lat' dir='ltr'>Congregations</span> <span class='ocrx_word' id='word_1_343' title='bbox 847 2117 855 2140; x_wconf 73' lang='grc' dir='ltr'>ε</span> <span class='ocrx_word' id='word_1_344' title='bbox 886 2106 914 2140; x_wconf 89' lang='grc'>11</span> <span class='ocrx_word' id='word_1_345' title='bbox 941 2106 1042 2141; x_wconf 90' lang='lat' dir='ltr'>n&#39;est</span> <span class='ocrx_word' id='word_1_346' title='bbox 1068 2115 1138 2150; x_wconf 91' lang='lat' dir='ltr'>pas</span> <span class='ocrx_word' id='word_1_347' title='bbox 1166 2105 1387 2140; x_wconf 73' lang='lat' dir='ltr'>necessaire</span> <span class='ocrx_word' id='word_1_348' title='bbox 1414 2105 1511 2150; x_wconf 82' lang='lat' dir='ltr'>qu&#39;il</span> <span class='ocrx_word' id='word_1_349' title='bbox 1543 2116 1566 2151; x_wconf 83' lang='lat' dir='ltr'>y</span> <span class='ocrx_word' id='word_1_350' title='bbox 1594 2105 1649 2140; x_wconf 86' lang='lat' dir='ltr'>ait</span> <span class='ocrx_word' id='word_1_351' title='bbox 1675 2105 1877 2151; x_wconf 88' lang='lat' dir='ltr'>beaucoup</span> <span class='ocrx_word' id='word_1_352' title='bbox 1898 2106 1945 2142; x_wconf 91' lang='lat' dir='ltr'>de</span> 
     </span>
     <span class='ocr_line' id='line_1_34' title="bbox 237 2163 1945 2210; baseline 0.001 -12"><span class='ocrx_word' id='word_1_353' title='bbox 237 2163 381 2208; x_wconf 49' lang='lat' dir='ltr'>protes</span> <span class='ocrx_word' id='word_1_354' title='bbox 412 2164 510 2199; x_wconf 90' lang='lat' dir='ltr'>mais</span> <span class='ocrx_word' id='word_1_355' title='bbox 541 2165 659 2209; x_wconf 85' lang='lat' dir='ltr'>qu’ils</span> <span class='ocrx_word' id='word_1_356' title='bbox 689 2165 815 2199; x_wconf 88' lang='lat' dir='ltr'>soient</span> <span class='ocrx_word' id='word_1_357' title='bbox 845 2165 958 2200; x_wconf 89' lang='lat' dir='ltr'>bons.</span> <span class='ocrx_word' id='word_1_358' title='bbox 992 2165 1050 2200; x_wconf 93' lang='lat' dir='ltr'>Du</span> <span class='ocrx_word' id='word_1_359' title='bbox 1080 2168 1197 2207; x_wconf 89' lang='lat' dir='ltr'>reste,</span> <span class='ocrx_word' id='word_1_360' title='bbox 1221 2175 1271 2200; x_wconf 90' lang='lat' dir='ltr'>on</span> <span class='ocrx_word' id='word_1_361' title='bbox 1295 2165 1423 2210; x_wconf 85' lang='lat' dir='ltr'>parait</span> <span class='ocrx_word' id='word_1_362' title='bbox 1455 2175 1503 2200; x_wconf 91' lang='lat' dir='ltr'>en</span> <span class='ocrx_word' id='word_1_363' title='bbox 1525 2165 1671 2200; x_wconf 89' lang='lat' dir='ltr'>France</span> <span class='ocrx_word' id='word_1_364' title='bbox 1697 2167 1785 2210; x_wconf 87' lang='lat' dir='ltr'>trop</span> <span class='ocrx_word' id='word_1_365' title='bbox 1811 2166 1945 2201; x_wconf 80' lang='lat' dir='ltr'>severe</span> 
     </span>
     <span class='ocr_line' id='line_1_35' title="bbox 238 2223 1943 2270; baseline 0.001 -12"><span class='ocrx_word' id='word_1_366' title='bbox 238 2232 336 2267; x_wconf 91' lang='lat' dir='ltr'>pour</span> <span class='ocrx_word' id='word_1_367' title='bbox 351 2223 407 2258; x_wconf 89' lang='lat' dir='ltr'>les</span> <span class='ocrx_word' id='word_1_368' title='bbox 422 2233 607 2259; x_wconf 89' lang='lat' dir='ltr'>examens</span> <span class='ocrx_word' id='word_1_369' title='bbox 625 2223 678 2259; x_wconf 79' lang='lat' dir='ltr'>ad</span> <span class='ocrx_word' id='word_1_370' title='bbox 692 2223 883 2270; x_wconf 64' lang='lat' dir='ltr'>qradmm</span> <span class='ocrx_word' id='word_1_371' title='bbox 903 2224 930 2259; x_wconf 88' lang='lat' dir='ltr'>il</span> <span class='ocrx_word' id='word_1_372' title='bbox 949 2224 1121 2259; x_wconf 78' lang='lat' dir='ltr'>faudrait</span> <span class='ocrx_word' id='word_1_373' title='bbox 1140 2225 1317 2259; x_wconf 83' lang='lat' dir='ltr'>reserver</span> <span class='ocrx_word' id='word_1_374' title='bbox 1332 2224 1369 2258; x_wconf 90' lang='lat' dir='ltr'>la</span> <span class='ocrx_word' id='word_1_375' title='bbox 1385 2224 1552 2259; x_wconf 79' lang='lat' dir='ltr'>severite</span> <span class='ocrx_word' id='word_1_376' title='bbox 1569 2233 1668 2269; x_wconf 92' lang='lat' dir='ltr'>pour</span> <span class='ocrx_word' id='word_1_377' title='bbox 1682 2223 1739 2259; x_wconf 93' lang='lat' dir='ltr'>les</span> <span class='ocrx_word' id='word_1_378' title='bbox 1757 2234 1943 2260; x_wconf 89' lang='lat' dir='ltr'>examens</span> 
     </span>
     <span class='ocr_line' id='line_1_36' title="bbox 238 2282 1586 2328; baseline 0 -11"><span class='ocrx_word' id='word_1_379' title='bbox 238 2282 285 2317; x_wconf 92' lang='lat' dir='ltr'>de</span> <span class='ocrx_word' id='word_1_380' title='bbox 301 2282 467 2318; x_wconf 89' lang='lat' dir='ltr'>seconde</span> <span class='ocrx_word' id='word_1_381' title='bbox 483 2284 622 2325; x_wconf 82' lang='lat' dir='ltr'>annee,</span> <span class='ocrx_word' id='word_1_382' title='bbox 643 2287 679 2318; x_wconf 93' lang='lat' dir='ltr'>et</span> <span class='ocrx_word' id='word_1_383' title='bbox 701 2286 857 2318; x_wconf 86' lang='lat' dir='ltr'>surtout</span> <span class='ocrx_word' id='word_1_384' title='bbox 878 2293 977 2328; x_wconf 88' lang='lat' dir='ltr'>pour</span> <span class='ocrx_word' id='word_1_385' title='bbox 997 2283 1097 2318; x_wconf 79' lang='lat' dir='ltr'>celui</span> <span class='ocrx_word' id='word_1_386' title='bbox 1119 2284 1166 2318; x_wconf 79' lang='lat' dir='ltr'>(le</span> <span class='ocrx_word' id='word_1_387' title='bbox 1186 2283 1386 2318; x_wconf 85' lang='lat' dir='ltr'>troisieme</span> <span class='ocrx_word' id='word_1_388' title='bbox 1406 2284 1545 2318; x_wconf 83' lang='lat' dir='ltr'>annee.</span> <span class='ocrx_word' id='word_1_389' title='bbox 1571 2295 1586 2316; x_wconf 85' lang='lat'>»</span> 
     </span>
    </p>

    <p class='ocr_par' dir='ltr' id='par_1_9' title="bbox 237 2339 1942 2565">
     <span class='ocr_line' id='line_1_37' title="bbox 289 2339 1942 2391; baseline 0.001 -15"><span class='ocrx_word' id='word_1_390' title='bbox 289 2341 485 2377; x_wconf 91' lang='lat' dir='ltr'>Tenentur</span> <span class='ocrx_word' id='word_1_391' title='bbox 512 2341 585 2376; x_wconf 91' lang='lat' dir='ltr'>sub</span> <span class='ocrx_word' id='word_1_392' title='bbox 611 2344 769 2387; x_wconf 90' lang='lat' dir='ltr'>peccato</span> <span class='ocrx_word' id='word_1_393' title='bbox 794 2342 906 2387; x_wconf 90' lang='lat' dir='ltr'>gravi</span> <span class='ocrx_word' id='word_1_394' title='bbox 933 2342 1035 2377; x_wconf 75' lang='lat' dir='ltr'>terre</span> <span class='ocrx_word' id='word_1_395' title='bbox 1062 2342 1296 2388; x_wconf 73' lang='lat' dir='ltr'>suffragium</span> <span class='ocrx_word' id='word_1_396' title='bbox 1328 2339 1378 2391; x_wconf 78' lang='lat' dir='ltr'>(a.</span> <span class='ocrx_word' id='word_1_397' title='bbox 1406 2341 1536 2391; x_wconf 85' lang='lat'><strong>1642).</strong></span> <span class='ocrx_word' id='word_1_398' title='bbox 1569 2342 1651 2378; x_wconf 94' lang='lat' dir='ltr'>Non</span> <span class='ocrx_word' id='word_1_399' title='bbox 1683 2343 1772 2378; x_wconf 89' lang='lat' dir='ltr'>licet</span> <span class='ocrx_word' id='word_1_400' title='bbox 1801 2343 1942 2378; x_wconf 77' lang='lat' dir='ltr'>suffra—</span> 
     </span>
     <span class='ocr_line' id='line_1_38' title="bbox 237 2397 1941 2449; baseline 0.002 -14"><span class='ocrx_word' id='word_1_401' title='bbox 237 2400 346 2447; x_wconf 90' lang='lat' dir='ltr'>gium</span> <span class='ocrx_word' id='word_1_402' title='bbox 374 2410 557 2436; x_wconf 89' lang='lat' dir='ltr'>revocare</span> <span class='ocrx_word' id='word_1_403' title='bbox 592 2397 642 2449; x_wconf 83' lang='lat' dir='ltr'>(a.</span> <span class='ocrx_word' id='word_1_404' title='bbox 669 2400 790 2443; x_wconf 86' lang='lat'><strong>1125,</strong></span> <span class='ocrx_word' id='word_1_405' title='bbox 824 2399 953 2449; x_wconf 86' lang='grc'>1639).</span> <span class='ocrx_word' id='word_1_406' title='bbox 987 2400 1127 2446; x_wconf 84' lang='lat' dir='ltr'>(Antea</span> <span class='ocrx_word' id='word_1_407' title='bbox 1158 2404 1290 2436; x_wconf 89' lang='lat' dir='ltr'>tamen</span> <span class='ocrx_word' id='word_1_408' title='bbox 1320 2411 1555 2447; x_wconf 90' lang='lat' dir='ltr'>responsum</span> <span class='ocrx_word' id='word_1_409' title='bbox 1585 2402 1713 2437; x_wconf 78' lang='lat' dir='ltr'>iuerat</span> <span class='ocrx_word' id='word_1_410' title='bbox 1744 2402 1784 2438; x_wconf 93' lang='lat' dir='ltr'><strong>P.</strong></span> <span class='ocrx_word' id='word_1_411' title='bbox 1819 2402 1941 2438; x_wconf 92' lang='lat' dir='ltr'>Coton</span> 
     </span>
     <span class='ocr_line' id='line_1_39' title="bbox 241 2458 1941 2508; baseline 0.001 -13"><span class='ocrx_word' id='word_1_412' title='bbox 241 2458 291 2508; x_wconf 82' lang='lat' dir='ltr'>(a.</span> <span class='ocrx_word' id='word_1_413' title='bbox 318 2459 429 2507; x_wconf 87' lang='lat'><strong>1622)</strong></span> <span class='ocrx_word' id='word_1_414' title='bbox 453 2469 568 2505; x_wconf 89' lang='lat' dir='ltr'>posse</span> <span class='ocrx_word' id='word_1_415' title='bbox 595 2459 740 2495; x_wconf 82' lang='lat' dir='ltr'>mutari</span> <span class='ocrx_word' id='word_1_416' title='bbox 761 2460 809 2495; x_wconf 93' lang='lat' dir='ltr'>ob</span> <span class='ocrx_word' id='word_1_417' title='bbox 837 2469 980 2495; x_wconf 85' lang='lat' dir='ltr'>novam</span> <span class='ocrx_word' id='word_1_418' title='bbox 1009 2460 1186 2496; x_wconf 87' lang='lat' dir='ltr'>habitam</span> <span class='ocrx_word' id='word_1_419' title='bbox 1212 2461 1489 2506; x_wconf 85' lang='lat' dir='ltr'>cognitionem,</span> <span class='ocrx_word' id='word_1_420' title='bbox 1513 2461 1632 2497; x_wconf 89' lang='lat' dir='ltr'>etiam</span> <span class='ocrx_word' id='word_1_421' title='bbox 1660 2461 1707 2497; x_wconf 90' lang='lat' dir='ltr'>de</span> <span class='ocrx_word' id='word_1_422' title='bbox 1731 2461 1941 2497; x_wconf 79' lang='lat' dir='ltr'>favorabili</span> 
     </span>
     <span class='ocr_line' id='line_1_40' title="bbox 239 2518 503 2565; baseline 0 -11"><span class='ocrx_word' id='word_1_423' title='bbox 239 2519 280 2554; x_wconf 92' lang='lat' dir='ltr'>in</span> <span class='ocrx_word' id='word_1_424' title='bbox 301 2518 503 2565; x_wconf 89' lang='lat' dir='ltr'>deterius).</span> 
     </span>
    </p>

    <p class='ocr_par' dir='ltr' id='par_1_10' title="bbox 237 2587 1942 2755">
     <span class='ocr_line' id='line_1_41' title="bbox 291 2587 1941 2636; baseline 0.001 -11"><span class='ocrx_word' id='word_1_425' title='bbox 291 2587 408 2625; x_wconf 81' lang='lat' dir='ltr'>6N0n</span> <span class='ocrx_word' id='word_1_426' title='bbox 436 2590 526 2626; x_wconf 89' lang='lat' dir='ltr'>licet</span> <span class='ocrx_word' id='word_1_427' title='bbox 554 2590 595 2625; x_wconf 90' lang='lat' dir='ltr'>in</span> <span class='ocrx_word' id='word_1_428' title='bbox 623 2590 743 2626; x_wconf 91' lang='lat' dir='ltr'>dubio</span> <span class='ocrx_word' id='word_1_429' title='bbox 764 2589 980 2625; x_wconf 76' lang='lat' dir='ltr'>favorabile</span> <span class='ocrx_word' id='word_1_430' title='bbox 1010 2590 1243 2636; x_wconf 77' lang='lat' dir='ltr'>suffragium</span> <span class='ocrx_word' id='word_1_431' title='bbox 1273 2591 1367 2626; x_wconf 86' lang='lat' dir='ltr'>dare</span> <span class='ocrx_word' id='word_1_432' title='bbox 1396 2592 1445 2627; x_wconf 94' lang='lat' dir='ltr'>ob</span> <span class='ocrx_word' id='word_1_433' title='bbox 1475 2601 1561 2626; x_wconf 89' lang='lat' dir='ltr'>eam</span> <span class='ocrx_word' id='word_1_434' title='bbox 1592 2591 1717 2626; x_wconf 91' lang='lat' dir='ltr'>solam</span> <span class='ocrx_word' id='word_1_435' title='bbox 1747 2591 1941 2627; x_wconf 90' lang='lat' dir='ltr'>rationem</span> 
     </span>
     <span class='ocr_line' id='line_1_42' title="bbox 238 2646 1942 2698; baseline 0.001 -13"><span class='ocrx_word' id='word_1_436' title='bbox 238 2650 341 2696; x_wconf 92' lang='lat' dir='ltr'>quod</span> <span class='ocrx_word' id='word_1_437' title='bbox 367 2650 408 2685; x_wconf 93' lang='lat' dir='ltr'>in</span> <span class='ocrx_word' id='word_1_438' title='bbox 429 2649 561 2685; x_wconf 92' lang='lat' dir='ltr'>dubiis</span> <span class='ocrx_word' id='word_1_439' title='bbox 592 2649 643 2684; x_wconf 89' lang='lat' dir='ltr'>sit</span> <span class='ocrx_word' id='word_1_440' title='bbox 669 2659 734 2685; x_wconf 90' lang='lat' dir='ltr'>reo</span> <span class='ocrx_word' id='word_1_441' title='bbox 761 2649 973 2684; x_wconf 74' lang='lat' dir='ltr'>[avendum</span> <span class='ocrx_word' id='word_1_442' title='bbox 1002 2646 1052 2698; x_wconf 80' lang='lat' dir='ltr'>(a.</span> <span class='ocrx_word' id='word_1_443' title='bbox 1082 2648 1209 2698; x_wconf 88' lang='grc'>1625).</span> <span class='ocrx_word' id='word_1_444' title='bbox 1241 2650 1436 2696; x_wconf 78' lang='lat' dir='ltr'>Suffragia</span> <span class='ocrx_word' id='word_1_445' title='bbox 1464 2650 1520 2685; x_wconf 90' lang='lat' dir='ltr'>sic</span> <span class='ocrx_word' id='word_1_446' title='bbox 1543 2660 1730 2696; x_wconf 87' lang='lat' dir='ltr'>expressa</span> <span class='ocrx_word' id='word_1_447' title='bbox 1762 2661 1769 2685; x_wconf 91' lang='lat'><strong>:</strong></span> <span class='ocrx_word' id='word_1_448' title='bbox 1799 2650 1843 2686; x_wconf 90' lang='lat' dir='ltr'>N.</span> <span class='ocrx_word' id='word_1_449' title='bbox 1874 2650 1942 2687; x_wconf 69' lang='lat' dir='ltr'>vix</span> 
     </span>
     <span class='ocr_line' id='line_1_43' title="bbox 237 2709 1939 2755; baseline 0.001 -11"><span class='ocrx_word' id='word_1_450' title='bbox 237 2712 363 2755; x_wconf 90' lang='lat' dir='ltr'>potest</span> <span class='ocrx_word' id='word_1_451' title='bbox 384 2709 618 2754; x_wconf 86' lang='lat' dir='ltr'>theologiam</span> <span class='ocrx_word' id='word_1_452' title='bbox 636 2709 786 2751; x_wconf 90' lang='lat' dir='ltr'>docere,</span> <span class='ocrx_word' id='word_1_453' title='bbox 808 2711 876 2744; x_wconf 90' lang='lat' dir='ltr'>aut</span> <span class='ocrx_word' id='word_1_454' title='bbox 895 2718 994 2754; x_wconf 73' lang='lat' dir='ltr'>aesste</span> <span class='ocrx_word' id='word_1_455' title='bbox 1014 2712 1197 2744; x_wconf 87' lang='lat' dir='ltr'>censetur</span> <span class='ocrx_word' id='word_1_456' title='bbox 1218 2719 1345 2755; x_wconf 87' lang='lat' dir='ltr'>posse,</span> <span class='ocrx_word' id='word_1_457' title='bbox 1369 2712 1437 2745; x_wconf 90' lang='lat' dir='ltr'>aut</span> <span class='ocrx_word' id='word_1_458' title='bbox 1455 2709 1611 2746; x_wconf 76' lang='lat' dir='ltr'>videtur</span> <span class='ocrx_word' id='word_1_459' title='bbox 1629 2709 1939 2745; x_wconf 84' lang='lat' dir='ltr'>mediocritatem</span> 
     </span>
    </p>
   </div>
   <div class='ocr_carea' id='block_1_8' title="bbox 236 2760 1939 2875">
    <p class='ocr_par' dir='ltr' id='par_1_11' title="bbox 236 2760 1939 2875">
     <span class='ocr_line' id='line_1_44' title="bbox 236 2760 1939 2818; baseline 0.001 -15"><span class='ocrx_word' id='word_1_460' title='bbox 236 2768 464 2811; x_wconf 83' lang='lat' dir='ltr'>excessisse,</span> <span class='ocrx_word' id='word_1_461' title='bbox 487 2772 558 2804; x_wconf 77' lang='lat' dir='ltr'>aut</span> <span class='ocrx_word' id='word_1_462' title='bbox 574 2778 723 2815; x_wconf 69' lang='lat' dir='ltr'>parum</span> <span class='ocrx_word' id='word_1_463' title='bbox 742 2767 922 2810; x_wconf 85' lang='lat' dir='ltr'>excessit,</span> <span class='ocrx_word' id='word_1_464' title='bbox 946 2777 1016 2812; x_wconf 91' lang='lat' dir='ltr'>pro</span> <span class='ocrx_word' id='word_1_465' title='bbox 1038 2768 1323 2804; x_wconf 75' lang='lat' dir='ltr'>favorabilibus</span> <span class='ocrx_word' id='word_1_466' title='bbox 1344 2760 1540 2804; x_wconf 82' lang='lat' dir='ltr'>habentur</span> <span class='ocrx_word' id='word_1_467' title='bbox 1557 2766 1720 2818; x_wconf 88' lang='lat' dir='ltr'>(Pluries</span> <span class='ocrx_word' id='word_1_468' title='bbox 1736 2771 1773 2804; x_wconf 93' lang='lat' dir='ltr'>et</span> <span class='ocrx_word' id='word_1_469' title='bbox 1794 2769 1939 2804; x_wconf 90' lang='lat' dir='ltr'>iterum</span> 
     </span>
     <span class='ocr_line' id='line_1_45' title="bbox 242 2825 375 2875; baseline 0.008 -13"><span class='ocrx_word' id='word_1_470' title='bbox 242 2825 375 2875; x_wconf 49' lang='grc'>1876)</span> 
     </span>
    </p>
   </div>
   <div class='ocr_carea' id='block_1_9' title="bbox 295 2947 1939 3006">
    <p class='ocr_par' dir='ltr' id='par_1_12' title="bbox 295 2947 1939 3006">
     <span class='ocr_line' id='line_1_46' title="bbox 295 2947 1939 3006; baseline -0.001 -15"><span class='ocrx_word' id='word_1_471' title='bbox 295 2948 370 2992; x_wconf 91' lang='lat' dir='ltr'>IV.</span> <span class='ocrx_word' id='word_1_472' title='bbox 402 2974 459 2979; x_wconf 89' lang='lat'>—</span> <span class='ocrx_word' id='word_1_473' title='bbox 494 2950 697 2993; x_wconf 85' lang='lat' dir='ltr'>Examen</span> <span class='ocrx_word' id='word_1_474' title='bbox 731 2949 786 2993; x_wconf 91' lang='lat' dir='ltr'>de</span> <span class='ocrx_word' id='word_1_475' title='bbox 816 2948 1047 3006; x_wconf 67' lang='lat' dir='ltr'>theologia</span> <span class='ocrx_word' id='word_1_476' title='bbox 1077 2949 1241 2993; x_wconf 85' lang='lat' dir='ltr'>morali</span> <span class='ocrx_word' id='word_1_477' title='bbox 1275 2948 1434 2991; x_wconf 81' lang='lat' dir='ltr'>subire</span> <span class='ocrx_word' id='word_1_478' title='bbox 1482 2947 1655 2991; x_wconf 89' lang='lat' dir='ltr'>debent</span> <span class='ocrx_word' id='word_1_479' title='bbox 1695 2948 1774 3005; x_wconf 88' lang='lat' dir='ltr'>qui</span> <span class='ocrx_word' id='word_1_480' title='bbox 1809 2947 1939 2990; x_wconf 87' lang='lat' dir='ltr'>theo-</span> 
     </span>
    </p>
   </div>
   <div class='ocr_carea' id='block_1_10' title="bbox 2081 406 2085 991">
    <p class='ocr_par' dir='ltr' id='par_1_13' title="bbox 2081 406 2085 991">
     <span class='ocr_line' id='line_1_47' title="bbox 2081 406 2085 991; baseline 0 0"><span class='ocrx_word' id='word_1_481' title='bbox 2081 406 2085 991; x_wconf 95' lang='lat' dir='ltr'> </span> 
     </span>
    </p>
   </div>
   <div class='ocr_carea' id='block_1_11' title="bbox 2089 496 2091 1066">
    <p class='ocr_par' dir='ltr' id='par_1_14' title="bbox 2089 496 2091 1066">
     <span class='ocr_line' id='line_1_48' title="bbox 2089 496 2091 1066; baseline 0 0"><span class='ocrx_word' id='word_1_482' title='bbox 2089 496 2091 1066; x_wconf 95' lang='lat' dir='ltr'> </span> 
     </span>
    </p>
   </div>
   <div class='ocr_carea' id='block_1_12' title="bbox 2104 494 2107 1143">
    <p class='ocr_par' dir='ltr' id='par_1_15' title="bbox 2104 494 2107 1143">
     <span class='ocr_line' id='line_1_49' title="bbox 2104 494 2107 1143; baseline 0 0"><span class='ocrx_word' id='word_1_483' title='bbox 2104 494 2107 1143; x_wconf 95' lang='lat' dir='ltr'> </span> 
     </span>
    </p>
   </div>
   <div class='ocr_carea' id='block_1_13' title="bbox 2071 1425 2145 1897">
    <p class='ocr_par' dir='ltr' id='par_1_16' title="bbox 2075 1425 2145 1518">
     <span class='ocr_line' id='line_1_50' title="bbox 2076 1425 2145 1458; baseline -0.014 0"><span class='ocrx_word' id='word_1_484' title='bbox 2076 1425 2107 1458; x_wconf 67' lang='lat' dir='ltr'>hot‘</span> <span class='ocrx_word' id='word_1_485' title='bbox 2120 1434 2145 1457; x_wconf 55' lang='lat' dir='ltr'>ri</span> 
     </span>
     <span class='ocr_line' id='line_1_51' title="bbox 2075 1484 2145 1518; baseline 0.029 -3"><span class='ocrx_word' id='word_1_486' title='bbox 2075 1484 2095 1518; x_wconf 56' lang='lat' dir='ltr'>de</span> <span class='ocrx_word' id='word_1_487' title='bbox 2109 1484 2145 1517; x_wconf 61' lang='lat'><em>§1111</em></span> 
     </span>
    </p>

    <p class='ocr_par' dir='ltr' id='par_1_17' title="bbox 2071 1552 2145 1897">
     <span class='ocr_line' id='line_1_52' title="bbox 2098 1552 2145 1589; baseline 0 0"><span class='ocrx_word' id='word_1_488' title='bbox 2098 1552 2105 1578; x_wconf 64' lang='lat'>&#39;³</span> <span class='ocrx_word' id='word_1_489' title='bbox 2118 1555 2145 1589; x_wconf 77' lang='lat' dir='ltr'>Nu</span> 
     </span>
     <span class='ocr_line' id='line_1_53' title="bbox 2074 1625 2145 1650; baseline 0 -1"><span class='ocrx_word' id='word_1_490' title='bbox 2074 1625 2145 1650; x_wconf 73' lang='lat' dir='ltr'>annum</span> 
     </span>
     <span class='ocr_line' id='line_1_54' title="bbox 2073 1674 2145 1710; baseline -0.014 -1"><span class='ocrx_word' id='word_1_491' title='bbox 2073 1674 2145 1710; x_wconf 52' lang='lat' dir='ltr'>delent</span> 
     </span>
     <span class='ocr_line' id='line_1_55' title="bbox 2073 1735 2143 1780; baseline 0 -11"><span class='ocrx_word' id='word_1_492' title='bbox 2073 1735 2143 1780; x_wconf 65' lang='lat' dir='ltr'>explica</span> 
     </span>
     <span class='ocr_line' id='line_1_56' title="bbox 2072 1798 2145 1830; baseline 0.027 -2"><span class='ocrx_word' id='word_1_493' title='bbox 2072 1798 2089 1829; x_wconf 76' lang='lat' dir='ltr'>ul</span> <span class='ocrx_word' id='word_1_494' title='bbox 2102 1799 2145 1830; x_wconf 69' lang='lat' dir='ltr'>mat·</span> 
     </span>
     <span class='ocr_line' id='line_1_57' title="bbox 2071 1854 2143 1897; baseline 0.028 -9"><span class='ocrx_word' id='word_1_495' title='bbox 2071 1854 2101 1897; x_wconf 72' lang='lat' dir='ltr'>xl,</span> <span class='ocrx_word' id='word_1_496' title='bbox 2113 1855 2143 1890; x_wconf 67' lang='lat'>24.</span> 
     </span>
    </p>
   </div>
   <div class='ocr_carea' id='block_1_14' title="bbox 2058 2342 2145 3366">
    <p class='ocr_par' dir='ltr' id='par_1_18' title="bbox 2058 2342 2145 3366">
     <span class='ocr_line' id='line_1_58' title="bbox 2058 2342 2145 3366; baseline 0 0"><span class='ocrx_word' id='word_1_497' title='bbox 2058 2342 2145 3366; x_wconf 95' lang='lat' dir='ltr'> </span> 
     </span>
    </p>
   </div>
  </div>
 </body>
</html>
