2145 3366
710 223 895 252 VERBUM
927 222 1000 250 Dm
1032 218 1369 249 PRAEDICANDUM
1814 201 1892 238 {3423

186 410 360 443 vetuerat
384 406 422 441 S.
445 405 676 441 Franciscus
698 403 837 449 Borgia
859 412 907 437 nc
927 400 1077 446 aliquid
1098 400 1136 434 in
1160 398 1257 444 ipsis
1279 400 1420 443 praaeter
1442 395 1660 431 doctrinam
1684 392 1891 439 reprehen-

185 467 355 502 deretur.
380 465 423 500 Et
449 465 488 500 in
512 465 589 499 Ins.
614 464 659 500 ΙΙ.
681 462 978 498 commendatur
1002 463 1044 495 ut
1066 458 1240 494 suaviter
1266 460 1302 492 et
1323 459 1501 491 amanter
1532 454 1599 490 fiat
1632 453 1832 494 correctio,
1856 454 1892 487 et

185 528 388 572 propterea
409 524 485 560 alia
508 526 565 559 cst
587 523 760 568 publica,
782 522 859 557 alia
882 521 1049 566 privata.

237 600 252 625 3
272 601 622 638 Concionatoribus
651 599 876 645 junioribus
920 601 1073 642 tempus
1109 594 1293 631 studendi
1334 592 1589 629 tribuendum
1626 593 1699 633 est,
1730 600 1807 626 non
1839 590 1893 625 ita

185 665 314 697 tamen
337 664 377 697 ut
399 671 420 695 a
440 661 611 706 quolibet
646 658 865 694 ministerio
893 660 1003 692 extra
1036 656 1260 690 Adventum
1290 656 1326 688 et
1354 651 1702 697 Quadragesimam
1736 659 1893 694 exemp-

184 724 243 757 tos
265 731 305 756 se
326 721 487 756 credant
508 719 552 766 (s.
577 719 596 754 7
621 722 719 764 sept.
747 717 879 762 1839).
906 716 957 750 De
977 714 1218 759 obligatione
1240 712 1445 749 Societatis
1467 711 1516 746 ad
1539 710 1805 756 spargendum
1826 719 1894 754 per

183 780 501 826 praedicationem
535 779 697 813 verbum
733 777 911 812 divinum
944 775 1133 821 legendus
1164 776 1222 808 est
1244 772 1386 808 Suarez
1415 771 1456 817 (l.
1489 771 1534 813 X,
1565 780 1598 805 c.
1623 770 1664 816 1).
1697 769 1763 804 ubi
1784 771 1894 803 notat

183 840 286 886 quod
317 840 415 874 sicut
439 838 691 884 Superiormn
720 839 778 872 est
808 835 1015 881 providere
1045 833 1243 879 frequenti
1268 831 1359 867 huic
1385 830 1554 873 muneri,
1579 830 1632 865 ita
1662 828 1893 865 interiorum

185 909 394 945 procurare
416 908 462 933 ne
484 897 558 933 sibi
581 897 710 932 desint
733 896 917 931 voluntas
940 896 976 929 et
998 894 1152 939 peritia.

242 1026 323 1070 ΙΙΙ.
349 1052 406 1057 -
426 1027 596 1070 Eorum
623 1023 793 1068 officia.
823 1048 876 1055 -
897 1022 947 1066 1Ο
964 1022 1028 1065 Ea
1055 1021 1295 1079 praecipue
1326 1020 1477 1063 media
1504 1018 1757 1062 adhibeant
1786 1031 1894 1061 con-
1950 1028 1964 1052 2
1988 1029 2004 1055 5

184 1105 445 1148 cion-atores
473 1116 578 1160 qua}
601 1102 968 1144 instrumentum
999 1113 1106 1142 cum
1133 1099 1228 1141 Deo
1248 1099 1558 1155 conjungunt.
1583 1095 1714 1151 (Cst.‚
1738 1096 1794 1150 X,
1826 1101 1895 1148 11.)

182 1183 230 1226 20
254 1181 359 1226 Sint
397 1179 620 1223 omnibus
657 1177 901 1235 exemplo¹
935 1176 1061 1231 (Es-t..
1086 1175 1187 1231 VH,
1219 1188 1281 1230 iv,
1308 1175 1372 1230 2),
1403 1175 1434 1217 ii
1462 1187 1570 1218 vero
1605 1174 1685 1232 qui
1712 1173 1896 1231 regulas

183 1273 275 1302 non
300 1262 540 1301 servarent
566 1257 622 1300 ab
651 1257 739 1299 hoc
762 1268 960 1298 munere
985 1258 1142 1297 essent
1172 1252 1420 1297 amovendi
1437 1251 1468 1295 2.
1500 1252 1588 1295 Eas
1610 1265 1774 1294 omnes
1803 1251 1897 1294 lau-

183 1337 305 1381 titias
334 1341 379 1379 et
403 1334 749 1393 singularitates
783 1332 954 1391 quibus
980 1331 1056 1375 alii
1084 1330 1386 1374 offenduntur
1411 1330 1572 1373 vitent.
1597 1328 1717 1387 (Or.,
1739 1341 1770 1384 Ι,
1800 1328 1896 1383 15.)

182 1414 230 1458 30
268 1413 440 1471 Optent
478 1411 663 1470 corrigi.
708 1411 885 1454 Locum
930 1409 1031 1452 aliis
1079 1408 1347 1452 concionari
1389 1406 1654 1451 volentibus
1701 1405 1893 1461 cedant3

183 1505 316 1550 aeque
339 1491 487 1549 parati
516 1490 609 1533 sint
639 1489 695 1532 ad
724 1501 895 1545 pueros
924 1492 969 1530 et
1003 1486 1146 1530 rudes
1174 1485 1409 1529 docendos
1442 1485 1727 1541 ubicumque
1758 1484 1895 1527 etiam

184 1570 230 1612 in
264 1568 444 1627 plateis.
477 1567 605 1625 Regu
630 1565 789 1621 Cone,
813 1565 856 1609 8.
887 1591 945 1596 —
975 1564 1088 1620 Cst.,
1122 1563 1175 1620 V,
1207 1576 1276 1606 ΙΙΙ.
1307 1562 1379 1616 Β.)
1400 1562 1448 1606 40
1468 1561 1508 1605 A
1527 1561 1897 1605 distrahentibus

186 1651 393 1697 caveant,
426 1650 477 1689 ut
505 1649 614 1688 sunt
641 1643 813 1686 nimiae
836 1642 1173 1686 familiaritates
1207 1655 1314 1685 cum
1343 1640 1562 1695 externis,
1590 1639 1894 1694 visitationes,

184 1724 378 1767 donaria
398 1722 660 1781 praesertim
683 1735 707 1765 a
726 1720 931 1776 feminis,
954 1725 1041 1764 etc.
1063 1718 1198 1777 (Ins,
1228 1718 1287 1775 ΙΙ,
1313 1717 1382 1777 8.)

236 1837 248 1864 1
272 1840 311 1875 Si
333 1839 423 1885 quis
447 1838 611 1884 proinde
634 1837 732 1872 cibis
750 1835 1163 1882 quadragesimalibus
1185 1836 1242 1871 uti
1270 1845 1348 1870 non
1370 1836 1516 1881 posset,
1544 1837 1654 1870 extra
1676 1834 1811 1869 domos
1833 1844 1899 1869 no-

184 1903 287 1936 stras
319 1898 542 1935 concionari
567 1907 644 1932 non
677 1897 850 1931 deberet.
874 1892 991 1943 (Ins,
1024 1896 1070 1938 ΙΙ,
1102 1896 1139 1937 2,
1168 1894 1223 1940 9.)
1257 1894 1375 1930 Nemo
1402 1897 1533 1930 autem
1561 1894 1894 1936 concionatorum,

182 1959 331 1994 intuitu
351 1957 564 1999 concionis,
581 1956 769 1992 carnibus
790 1958 972 1990 vescatur
987 1955 1027 1990 in
1043 1954 1375 2000 Quadragesima3
1399 1954 1448 1989 ob
1463 1953 1735 1988 infirmitatem
1757 1953 1892 1995 solam,

183 2017 329 2064 judicio
360 2017 513 2053 medici.
538 2016 587 2051 iis
608 2015 711 2051 vesci
733 2017 860 2060 potest
882 2014 940 2060 (a.
972 2012 1102 2063 1569).
1134 2014 1376 2049 Exhibeatur
1405 2013 1622 2059 generatim
1652 2012 1898 2048 concionato-

184 2077 295 2113 ribus
325 2086 466 2121 magna
497 2075 655 2117 caritas,
681 2075 748 2110 sed
769 2074 889 2110 nullae
910 2074 967 2109 eis
989 2074 1255 2109 concedantur
1275 2073 1543 2118 exemptiones
1568 2082 1645 2107 non
1667 2071 1899 2107 necessariae

185 2136 238 2183 (b.
262 2137 326 2182 ἦ,
353 2135 480 2181 1554).
509 2148 523 2168 «
549 2134 850 2171 Concionatores
871 2134 1161 2179 eleemosynam
1184 2133 1336 2168 nullam
1357 2142 1484 2177 neque
1505 2132 1659 2177 publice
1680 2141 1750 2176 pro
1768 2141 1809 2166 se
1830 2133 1899 2166 aut

185 2207 255 2242 pro
287 2196 376 2231 aliis
410 2198 558 2240 petant,
594 2204 720 2241 neque
752 2194 938 2239 privatim
965 2204 987 2228 a
1019 2203 1059 2229 se
1088 2193 1259 2239 cuipiam
1294 2192 1572 2238 applicandam
1597 2203 1603 2226 :
1628 2191 1732 2236 quod
1768 2191 1800 2226 si
1828 2201 1899 2236 pro

185 2255 425 2301 pauperibus
447 2255 658 2300 egenisque
679 2253 901 2299 colligatur,
921 2253 1020 2288 illud
1041 2253 1082 2288 in
1104 2263 1266 2288 manum
1289 2251 1511 2297 Superioris
1530 2253 1597 2286 aut
1617 2251 1791 2286 virorum
1814 2260 1899 2295 pro-

187 2316 367 2351 batorum
391 2314 662 2349 committatur
684 2313 1005 2348 distribuendum
1029 2325 1044 2345 «
1068 2312 1121 2359 (b.
1146 2312 1210 2358 ††.
1238 2311 1371 2358 1625).

239 2390 255 2417 2
275 2392 576 2428 Concionatores
597 2401 676 2426 non
692 2393 784 2426 sunt
803 2391 1001 2426 eximendi
1023 2391 1071 2426 ab
1095 2391 1191 2426 hora
1214 2389 1483 2425 meditationis
1504 2389 1566 2424 die
1584 2388 1796 2431 concionis,
1821 2388 1898 2422 nisi

187 2453 226 2488 id
246 2456 400 2497 tempus
421 2461 467 2486 ex
493 2451 625 2496 aliquo
646 2460 754 2493 casu,
788 2453 890 2485 esset
912 2451 1193 2486 necessarium.
1228 2450 1302 2485 Nec
1330 2449 1520 2495 probatur
1540 2451 1582 2483 ut
1604 2448 1897 2484 meditationem

189 2513 235 2548 ad
259 2511 483 2547 concionem
508 2510 681 2556 dirigant
706 2509 762 2555 (a.
790 2509 905 2553 1600,
930 2509 1062 2556 1610).

250 2639 326 2682 IV.
351 2665 407 2669 —
425 2637 707 2683 Concionum
735 2636 930 2681 materia
952 2649 1005 2679 ea
1026 2649 1127 2680 esse
1149 2637 1288 2680 debet
1303 2649 1405 2693 quae
1428 2636 1696 2679 auditorum
1712 2640 1898 2692 captum

191 2730 285 2760 non
315 2721 506 2773 superet
533 2720 577 2758 et
604 2714 659 2757 ad
688 2713 1044 2758 aedificationem
1075 2714 1230 2769 saciat,
1268 2727 1372 2771 quae
1405 2713 1632 2770 populum
1659 2713 1713 2755 ad
1750 2726 1900 2756 sacra-

194 2798 458 2836 mentorum
490 2791 918 2848 frequentationem
943 2796 988 2834 et
1009 2791 1066 2834 ad
1088 2792 1280 2835 virtutes
1310 2794 1505 2845 moveat,
1530 2790 1769 2833 neminem
1793 2803 1901 2832 vero

195 2870 429 2928 praecipue
445 2870 704 2927 religiosos,
731 2868 1068 2912 ecclesiasticos
1090 2874 1136 2912 et
1154 2868 1453 2926 magistratus
1469 2866 1709 2911 offendere
1729 2868 1900 2925 possit3

198 2949 348 3007 ipsam
371 2947 651 2991 Societatem
680 2961 738 2989 ne
765 2947 1046 3005 vituperent.
1079 2946 1212 3001 (Cst.‚
1244 2945 1318 2988 IV.
1344 2958 1444 3001 vni,
1468 2944 1524 2988 A.
1546 2971 1603 2976 ——-
1631 2944 1829 3000 1V,vm,
1859 2944 1902 3001 3,

1955 2651 2008 2677 386
