2145 3366
747 208 942 236 DUIISSIO
976 207 1028 235 ET
1059 206 1311 234 TRANSITUS
1810 194 1888 232 2335

237 376 246 403 ¹
269 379 379 414 Certe
400 377 498 413 nillil
519 388 566 412 ex
586 378 673 423 Jure
695 378 858 413 debetur
879 387 926 413 ex
945 377 993 411 iis
1015 386 1101 422 qua·
1124 377 1268 411 donata
1289 376 1463 417 luerunt,
1487 374 1565 410 nisi
1588 374 1687 410 forte
1707 384 1753 409 ex
1775 374 1896 419 mqui-

182 441 261 473 tate
290 438 477 473 alimenta
500 438 538 472 in
560 447 653 472 casu
684 437 884 483 egestatis,
909 437 1020 482 juxta
1044 446 1087 471 ca
1107 446 1193 481 quw
1225 435 1370 469 habent
1402 434 1475 469 DD.
1503 434 1569 469 ubi
1598 434 1645 469 do
1677 434 1897 469 revocanda

181 497 390 533 donatione
411 497 459 531 ob
483 497 822 541 ingratitudinem.
859 496 935 531 Hac
961 499 1090 530 tamen
1120 496 1157 530 in
1191 505 1230 529 re
1261 494 1467 529 vitandum
1498 496 1556 528 est
1589 493 1836 529 scandalum.
1861 498 1898 530 et

181 557 299 592 simul
336 556 553 591 cavendum
588 566 634 590 ne
662 556 752 590 aliis
786 566 903 591 causa
938 555 1053 591 detur
1084 554 1239 589 {acilius
1274 553 1475 588 resiliendi
1507 549 1564 601 (ιι.
1606 552 1720 595 1623,
1766 550 1895 601 1639).

182 616 238 651 Ci.
261 616 417 651 Suarcz.
439 619 464 650 t.
493 615 553 652 lv.
576 619 625 650 tr.
648 615 685 657 8,
712 616 735 650 l.
763 616 828 657 111,
847 626 880 650 c.
904 610 1022 663 x1v,§
1044 614 1107 648 21.
1132 635 1178 638 —
1202 613 1388 651 Sanchez,
1406 616 1433 647 t.
1457 613 1502 655 ΙΙ,
1529 613 1553 647 l.
1577 612 1642 654 ΙΙΙ,
1662 622 1695 647 c.
1720 622 1747 655 1,
1771 622 1810 647 n.
1831 612 1895 655 343

182 675 449 720 Castropalao,
481 675 586 720 apud
611 675 650 709 P.
675 674 847 711 Oswald.
872 684 910 709 n.
933 674 1023 709 631.
1059 674 1166 719 Szrpe
1187 672 1313 708 amica
1334 673 1513 717 pactione
1547 682 1608 706 res
1638 672 1713 707 erit
1744 681 1899 717 compo-

182 735 311 771 nenda
329 733 385 780 (a.
416 733 528 770 1625.
560 734 688 779 1647).
713 734 794 769 Non
817 734 1002 769 videntur
1031 733 1221 768 reddendi
1253 732 1405 767 tructus
1427 742 1474 767 ex
1495 731 1609 766 bonis
1631 731 1790 767 donatis
1811 741 1898 777 per-

185 794 285 839 cepti
320 792 372 838 (a.
414 792 545 841 1623),
581 803 649 828 nec
680 803 725 828 ea
761 804 848 838 quie
883 796 969 838 post
1006 793 1258 828 donationem
1298 791 1411 826 bonis
1448 791 1607 826 donatis
1643 792 1900 826 accreverunt

187 854 240 900 (a.
272 853 396 899 1622).
421 853 492 897 Qui
514 853 645 887 animo
666 852 871 888 deserendi
894 852 1126 888 Societatem
1153 855 1240 897 post
1265 851 1396 886 studia
1423 850 1628 895 ingressus
1649 853 1766 893 esset,
1785 850 1899 886 debe-

186 916 245 949 ret
266 913 473 949 restituere
487 922 701 958 expensas;
726 922 804 947 non
826 914 955 947 tamen
978 911 1063 947 ideo
1084 911 1280 946 intentare
1301 911 1408 946 litem
1430 910 1601 945 Societas
1618 910 1730 952 solet,
1748 909 1817 945 sed
1834 919 1900 945 eos

187 973 247 1008 sui
269 972 385 1008 officii
403 973 587 1007 admonet
612 971 664 1017 (a.
695 971 822 1017 1648).

247 1074 324 1118 VI.
352 1100 401 1106 -
442 1073 555 1118 Quid
595 1078 700 1130 post
741 1072 1081 1117 dimissionem.
1116 1097 1164 1103 -
1205 1072 1314 1115 Post
1349 1071 1677 1115 dimissionem
1715 1071 1754 1115 si
1787 1071 1901 1129 quid

187 1151 553 1210 perturbationis
570 1150 615 1193 in
631 1150 763 1207 alicuj
772 1164 826 1193 us
843 1149 1086 1193 domestici
1102 1149 1259 1192 animo
1278 1154 1504 1203 maneret,
1524 1149 1640 1192 ratio
1658 1148 1897 1204 reddatur,

188 1243 282 1273 non
321 1228 599 1272 declarando
640 1233 797 1271 tamen
832 1227 1042 1271 defectus
1084 1240 1176 1269 non
1211 1227 1448 1283 publicos,
1480 1240 1619 1269 nemo
1655 1240 1678 1269 e
1714 1225 1899 1270 Nostris

191 1307 308 1350 male
343 1305 536 1349 affectus
570 1319 677 1362 erga
705 1305 951 1348 dimissum
981 1304 1055 1357 511,
1092 1304 1174 1347 sed
1208 1317 1372 1347 omnes
1401 1318 1509 1347 eum
1544 1303 1744 1346 Domino
1774 1317 1901 1347 com—

191 1383 432 1427 mendent.
460 1383 505 1426 Si
534 1389 690 1426 tamen
722 1382 906 1426 Nostris
928 1387 1006 1425 aut
1027 1381 1166 1426 etiam
1195 1381 1399 1425 externis
1430 1395 1583 1424 causae
1609 1381 1900 1424 dimissionis

190 1461 494 1516 innotuerim,
535 1460 670 1504 detur
698 1473 837 1517 opera
866 1465 917 1504 ut
946 1460 1044 1517 ejus
1075 1459 1287 1502 dimissio
1320 1459 1592 1502 scandalum
1622 1464 1823 1516 reparet,
1859 1464 1903 1503 et

191 1539 267 1582 alii
286 1553 341 1581 ex
363 1538 464 1595 ipso
493 1538 828 1581 documentum
853 1537 1100 1593 accipiant.
1131 1536 1262 1592 (Cst.,
1290 1536 1349 1591 ΙΙ,
1372 1549 1442 1590 111,
1474 1536 1517 1592 8,
1538 1536 1582 1591 9,
1603 1535 1676 1587 sio,
1709 1536 1779 1589 C.)
1800 1541 1811 1567 '¹

252 1616 298 1659 si
326 1629 479 1660 causae
508 1615 703 1659 occultae
738 1615 846 1669 sint,
879 1614 1179 1658 Consultores
1213 1613 1514 1671 Superiorem
1549 1627 1644 1656 non
1679 1618 1904 1658 accusent

192 1693 319 1751 quod
357 1693 469 1750 ipsis
503 1692 620 1735 nihil
661 1691 1094 1747 communicaverit,
1132 1691 1212 1734 sed
1240 1691 1297 1734 ab
1331 1706 1384 1734 eo
1413 1695 1574 1747 petant
1608 1691 1721 1748 quid
1749 1705 1904 1735 causae

194 1770 328 1814 reddi
350 1775 574 1828 oporteat.
607 1770 737 1826 (Cst.,
769 1769 827 1825 ΙΙ,
853 1782 923 1825 111,
953 1769 1010 1813 Α.
1034 1795 1092 1799 -
1113 1768 1212 1824 Or.,
1239 1781 1320 1824 xii,
1346 1768 1407 1822 7.)

255 1848 553 1892 Declaratum
581 1853 652 1891 est
674 1847 792 1890 nihil
815 1847 1000 1891 obstare
1023 1860 1078 1890 ex
1101 1852 1231 1903 parte
1251 1846 1494 1890 Societatis
1517 1846 1771 1904 quominus
1792 1847 1904 1905 legi-

196 1926 308 1969 time
342 1925 523 1968 dimissi
558 1930 663 1982 post
696 1924 927 1982 simplicia
961 1929 1063 1968 vota
1091 1923 1147 1967 ad
1177 1923 1406 1967 beneficia
1444 1923 1700 1980 quzelibet‘2
1734 1924 1905 1969 admit-

196 2009 355 2048 tantur
387 2004 452 2055 (C.
491 2004 564 2059 G„
605 2003 683 2057 IX,
719 2002 791 2046 30.
829 2027 883 2034 —
918 2002 1078 2059 Comp.
1116 2002 1258 2057 Priv.,
1294 2015 1340 2045 n.
1379 2001 1515 2057 162),
1556 2016 1642 2045 1166
1676 2016 1701 2045 a
1735 2002 1906 2046 nostris

196 2081 595 2135 universitatibus,
622 2080 702 2124 ubi
730 2080 1000 2124 scandalum
1022 2093 1115 2123 non
1143 2079 1406 2135 timeretur,
1433 2063 1713 2123 excludendi
1742 2085 1851 2124 sunt
1872 2084 1903 2124 3.

194 2158 264 2217 (C.
289 2160 362 2214 G„
392 2159 428 2214 I,
451 2158 574 2211 1119.)
602 2158 830 2202 Dimissos
857 2172 943 2201 1166
964 2157 1170 2202 Societas
1188 2162 1204 2188 4
1226 2171 1312 2200 nec
1342 2156 1559 2214 Episcopi
1589 2157 1712 2200 alere
1740 2163 1906 2202 tenen-

196 2241 288 2281 tur.
314 2236 383 2292 (C.
411 2236 485 2292 G„
514 2236 571 2291 ΙΙ,
600 2236 671 2279 77.
701 2261 750 2267 -
775 2235 875 2291 VII,
900 2235 943 2279 3.
969 2261 1026 2266 —
1047 2234 1330 2278 Benedictus
1351 2234 1477 2290 XIII,
1501 2234 1750 2293 InJuncti.)

256 2314 447 2357 Dimissi
477 2327 586 2357 vero
612 2319 657 2356 et
684 2314 834 2371 ejecti,
859 2313 906 2355 in
935 2311 1193 2356 Ordinibus
1221 2312 1364 2355 sacris
1396 2312 1652 2376 constituti,
1683 2312 1778 2357 sive
1806 2319 1910 2358 vota

198 2391 441 2436 emiserint
481 2391 707 2434 solemnia
748 2391 842 2434 sive
888 2390 1138 2447 simplicia,
1182 2395 1409 2447 perpetuo
1451 2395 1643 2433 manent
1693 2392 1908 2448 suspensi

199 2469 346 2513 donec
367 2482 392 2513 a
418 2470 461 2513 S.
488 2468 606 2512 Sede
628 2468 716 2512 alio
740 2468 877 2511 modo
898 2468 964 2512 eis
987 2467 1282 2521 consulatur,
1308 2481 1359 2510 ac
1380 2472 1606 2524 praeterea
1625 2467 1909 2526 Episcopum

199 2546 479 2590 benevolum
509 2551 801 2603 receptorem
836 2545 1099 2589 invenerint
1125 2550 1170 2588 et
1199 2545 1254 2588 de
1284 2544 1596 2588 ecclesiastico
1627 2545 1909 2602 patrimonio

201 2624 290 2668 sibi
316 2624 620 2682 providerint.
651 2623 739 2676 Qui
771 2637 879 2666 vero
904 2623 952 2665 in
988 2622 1132 2667 sacris
1161 2622 1420 2665 Ordinibus
1457 2622 1696 2666 constituti
1724 2629 1769 2667 et
1793 2625 1911 2668 votis

203 2703 490 2759 simplicibus·
519 2701 746 2755 obstricti,
776 2704 936 2757 sponte
965 2700 1290 2744 dimissionem
1330 2715 1355 2743 a
1389 2700 1433 2742 S.
1466 2699 1582 2741 Sede
1613 2700 1835 2756 petierint
1867 2707 1914 2746 et

207 2779 511 2833 obtinuerint,
542 2778 611 2821 vel
636 2778 769 2822 aliter
790 2791 844 2821 ex
871 2778 1122 2834 apostolico
1154 2777 1394 2835 privilegio
1423 2790 1448 2819 a
1479 2777 1594 2820 votis
1622 2777 1912 2835 simplicibus

209 2857 463 2914 dispensati
485 2856 676 2912 fuerint,
701 2870 757 2899 ex
778 2854 977 2899 claustro
999 2869 1092 2899 non
1114 2860 1282 2899 exeant
1302 2854 1450 2897 donec
1473 2853 1754 2912 Episcopum
1774 2856 1914 2901 bene-

210 2933 366 2977 volum
394 2939 684 2991 receptorem
718 2933 983 2976 invenerint
1009 2935 1050 2976 et
1084 2932 1140 2976 de
1173 2931 1485 2976 ecclesiastico
1514 2932 1794 2987 patrimonio
1823 2935 1913 2979 sibi

1956 1089 2008 1116 377

1963 2325 2017 2352 378
2079 2321 2083 2326 '
