2145 3366
0 1240 36 1271 llll-

0 1321 34 1363 Jll·

769 212 1085 243 COADJUTORES
1117 212 1409 241 si>iiz1T1fALus
1876 203 1946 243 175

294 392 305 419 ¹
328 395 525 438 Quantum
548 393 631 429 lieri
654 396 793 438 potest.
817 393 1012 429 servanda
1033 395 1105 428 est.
1131 402 1200 438 pro
1224 391 1528 437 Coadjutoribus
1551 392 1842 437 spiritualibus,
1871 403 1948 428 non

239 464 351 490 secus
370 464 414 489 ac
435 464 504 499 pro
525 453 730 488 protessis,
753 452 974 498 zeqiialitas,
996 452 1036 487 in
1059 451 1320 497 provehendis
1342 450 1390 485 iis
1409 451 1477 496 qui
1499 452 1672 496 aequales
1696 455 1788 487 sunt
1808 452 1845 486 in
1868 452 1948 487 vita

238 514 422 560 religiosa
447 512 503 560 (a.
526 512 639 559 1616,
666 512 777 549 1618.
802 512 932 558 1621).
963 532 1009 536 —
1031 511 1268 547 Decennium
1290 520 1405 556 porro
1426 509 1467 544 in
1487 509 1679 546 Societate
1701 514 1947 547 transactum

238 573 288 608 ab
317 573 366 608 iis
391 572 509 608 etiam
540 572 756 617 requiritur
784 572 850 617 qui
878 575 989 607 extra
1019 582 1104 606 eam
1133 570 1265 606 studia
1295 570 1552 605 absolverunt
1583 569 1638 615 (a.
1668 570 1782 612 1640,
1817 570 1945 617 lotis).

238 632 493 678 Septennium
512 631 689 667 sufficere
711 634 918 667 censuerat
939 631 979 666 P.
1004 630 1193 666 Claudius
1217 629 1272 676 (a.
1299 629 1437 671 1587„
1467 629 1534 665 sed
1557 629 1639 674 ipse
1660 630 1849 675 explicuit
1873 632 1948 666 ter-

238 692 390 728 minum
408 692 512 727 hunc
530 701 610 726 non
630 701 715 726 esse
737 691 872 726 stricte
893 691 1130 726 sumendum
1149 689 1204 735 (a.
1232 689 1359 728 1661).
1382 689 1608 734 Coadjutori
1631 689 1698 735 qui
1719 700 1739 724 e
1757 689 1950 726 Societate

237 751 332 786 exiit
351 753 388 786 et
405 751 455 786 ad
476 761 561 786 eain
583 760 787 795 regressus
808 753 881 792 est,
903 760 981 784 non
999 750 1113 784 debet
1131 748 1310 784 contrahi
1333 751 1487 793 tempus
1508 748 1557 784 ad
1579 748 1831 784 emissionem
1856 749 1948 784 ulti-

237 820 392 846 morum
414 813 610 852 votorum,
636 809 711 844 nisi
735 809 938 845 Generalis
960 809 1161 854 dispenset
1183 808 1235 855 (b.
1257 808 1295 853 †‚
1322 804 1453 856 1658).

296 938 354 982 II.
378 964 436 969 —-—
456 938 660 982 Effectus
683 937 853 981 horum
877 942 1108 982 votorum.
1140 963 1196 967 -—
1219 936 1331 980 Haeo
1357 941 1476 992 vota,
1506 936 1718 994 quamvis
1741 937 1944 995 publica,

238 1021 346 1060 sunt
382 1020 539 1059 tamen
574 1015 817 1072 simplicia.
862 1015 982 1058 Hinc
1017 1029 1024 1057 :
1064 1014 1112 1058 ‘10
1144 1014 1327 1057 firmius
1365 1014 1583 1058 Societati
1616 1014 1945 1073 adstringunt,

237 1094 324 1137 etsi
345 1107 401 1137 ex
419 1099 548 1150 parte
567 1093 812 1137 Societatis
834 1097 1076 1136 remaneat
1094 1091 1284 1135 libertas
1307 1091 1577 1135 dimittendi
1596 1092 1716 1148 (Ex,
1737 1105 1800 1149 VI,
1818 1093 1862 1149 8,
1883 1092 1944 1148 A,

237 1197 294 1202 —
312 1170 426 1227 Cst.,
444 1170 497 1227 V,
520 1183 581 1225 lv,
601 1170 657 1226 B,
677 1169 901 1213 ——Julius
920 1169 1001 1225 III,
1028 1169 1274 1226 Eatposeit,·
1289 1196 1346 1200 —
1365 1169 1618 1227 Gregorius
1637 1170 1761 1226 XIII,
1780 1170 1950 1214 Ascen-

238 1249 463 1301 dente;—
481 1248 734 1306 Gregorius
749 1247 1132 1301 XIV,Ecelesel-e)·,
1161 1247 1332 1290 dimitti
1358 1252 1513 1290 tamen
1532 1247 1835 1305 Cifiadjutores
1858 1249 1950 1305 spi-

237 1326 430 1370 rituales
454 1330 698 1384 nequeunt
717 1325 807 1368 nisi
829 1339 853 1368 a
873 1324 1108 1380 Generali,
1129 1330 1173 1368 et
1194 1338 1249 1367 ex
1267 1325 1421 1368 causis
1441 1325 1745 1383 gravissimis,
1767 1325 1949 1369 dimissi

237 1418 346 1448 vero
374 1418 399 1447 a
425 1404 542 1447 votis
570 1403 828 1447 solvuntur.
848 1402 978 1457 (Cst.,
1004 1402 1061 1458 II,
1084 1415 1115 1457 Ι,
1139 1402 1183 1458 ¹1,
1202 1402 1303 1455 A.)=1
1326 1402 1370 1445 2⁰
1388 1402 1637 1460 Inoapaoes
1666 1408 1775 1447 sunt
1798 1403 1949 1447 domi-

239 1482 304 1525 nii
332 1487 410 1525 aut
430 1481 715 1525 haereditatis
743 1481 836 1524 sive
859 1494 941 1537 per
967 1485 1315 1535 testamentum,
1340 1480 1434 1523 sive
1456 1480 1514 1524 al)
1536 1480 1768 1537 intestato,
1795 1487 1840 1525 et
1860 1481 1950 1538 ipsi

239 1559 557 1618 Coadjutores,
583 1564 627 1602 et
649 1558 854 1601 Sirmietas
879 1571 1044 1601 eorum
1069 1556 1290 1601 ratione2.
1316 1557 1446 1609 (Ost,
1465 1557 1542 1613 VI,
1567 1571 1617 1614 ΙΙ,
1635 1558 1709 1613 il,
1727 1558 1800 1614 112,
1821 1559 1878 1602 H.
1894 1585 1951 1590 —

239 1637 492 1695 Gregorius
516 1636 643 1691 XIII,
668 1636 754 1679 loo.
780 1635 875 1688 cit.)
906 1634 1014 1679 Non
1043 1635 1190 1692 magis
1218 1648 1358 1691 quam
1381 1635 1585 1678 Professi
1608 1650 1663 1678 ex
1684 1636 1947 1680 reddidistis

241 1714 432 1773 Collegii
455 1714 530 1770 ali,
553 1714 757 1771 exeeptis
780 1712 1082 1770 excipiendis,
1105 1718 1298 1769 possunt
1317 1712 1437 1768 (Ex.,
1463 1726 1494 1769 Ι,
1516 1713 1543 1756 4
1559 1727 1568 1768 3
1587 1739 1644 1743 —
1661 1714 1774 1771 Cst.,
1801 1715 1858 1770 II,
1882 1714 1947 1770 4);

241 1792 414 1836 debent
461 1792 586 1835 enim
633 1779 867 1834 ordinarie
912 1791 959 1833 in
1005 1789 1222 1833 domibus
1262 1789 1589 1833 Professorum
1638 1793 1943 1835 commorari.

241 1870 314 1922 (R.
338 1870 473 1914 Prov.
498 1868 590 1922 74.)
628 1868 672 1913 3⁰
703 1868 907 1912 Possunt
933 1867 990 1911 ad
1020 1867 1440 1925 Congregationem
1467 1869 1737 1925 generalem
1770 1874 1815 1913 et
1842 1882 1951 1927 pro-

240 1948 486 1991 vincialem
517 1947 692 2001 vocari,
724 1945 944 2003 suffragio
974 1950 1129 1989 tamen
1160 1945 1341 2002 passivo
1372 1945 1419 1988 in
1451 1946 1679 1989 electione
1711 1947 1952 1991 Generalis

242 2031 302 2081 et,
333 2031 385 2069 ut
412 2025 690 2083 plurimum,
727 2025 773 2067 in
805 2024 1034 2067 electione
1065 2023 1401 2066 Assistentium
1439 2037 1533 2066 non
1562 2024 1777 2081 gaudent.
1817 2025 1948 2082 (Cst.,

242 2103 364 2159 VIII,
398 2117 467 2159 111,
497 2102 563 2158 A,
597 2129 654 2133 —
682 2102 760 2157 IX,
793 2115 835 2156 v,
868 2101 911 2158 3,
945 2101 1001 2144 A.
1042 2128 1099 2131 —
1135 2101 1291 2144 Form.
1326 2101 1469 2159 (long.
1508 2115 1632 2157 gen.7
1666 2102 1757 2155 78.)
1798 2103 1864 2145 Ex
1896 2104 1952 2147 iis

243 2181 416 2225 debent
445 2180 679 2224 ordinarie
714 2180 821 2237 eligi
850 2179 1074 2223 Rectores
1104 2177 1466 2237 Collegi11›ruin3.
1493 2179 1621 2231 (Cst.,
1648 2180 1723 2235 IV,
1748 2194 1790 2236 x,
1815 2180 1858 2236 3,
1882 2181 1948 2237 A,

243 2286 300 2290 —-
324 2259 401 2315 VI,
433 2272 483 2313 11,
507 2258 549 2302 4.
574 2285 631 2288 —
661 2257 747 2308 Cr,
772 2270 835 2313 vi,
862 2257 923 2310 7.)
959 2256 1002 2300 4⁰
1033 2257 1291 2313 Partieipes
1329 2262 1437 2300 sunt
1470 2257 1681 2300 omnium
1718 2257 1952 2302 bonorum

245 2351 458 2395 operum,
492 2336 770 2379 meritorum
800 2335 1148 2393 gratiarumque
1177 2334 1493 2392 spiritualium
1522 2334 1780 2379 Societatis.
1815 2336 1952 2388 (Pau-

244 2415 318 2459 lus
337 2415 418 2470 III,
442 2414 634 2472 Eaeponi
657 2418 703 2457 et
722 2413 883 2466 Licet.)

299 2542 310 2568 1
334 2543 522 2589 Equidem
543 2542 584 2578 in
606 2542 678 2577 hoo
698 2541 833 2577 eodem
854 2541 936 2576 loco
955 2541 1148 2586 permittit
1169 2541 1211 2576 B.
1231 2541 1271 2576 P.
1290 2540 1333 2576 N.
1354 2544 1395 2576 ut
1416 2541 1619 2577 Generalis
1640 2542 1954 2581 Provincialibus

244 2604 473 2640 facultatem
492 2602 557 2638 det
574 2601 829 2646 Coadjutores
848 2601 1036 2636 formatos
1055 2601 1297 2644 dimittendi,
1317 2601 1456 2636 saltem
1475 2601 1517 2636 in
1537 2602 1813 2639 remotissimis
1832 2605 1955 2649 regio-

246 2664 380 2707 nibus,
404 2662 473 2698 uhi
491 2662 577 2707 ejus
604 2660 749 2697 decisio
770 2660 922 2696 diutius
941 2661 1206 2706 exspectanda
1228 2664 1344 2696 esset.
1370 2660 1513 2696 Verum
1537 2661 1704 2697 facultas
1726 2662 1955 2709 hujusmodi

246 2725 473 2760 constanter
500 2723 641 2767 negata
669 2723 727 2755 est
754 2719 872 2755 etiam
903 2730 973 2765 pro
1003 2720 1148 2755 insulis
1176 2720 1411 2766 Philippinis
1443 2716 1498 2768 (a.
1528 2720 1642 2768 1578,
1670 2721 1783 2766 1633,
1820 2722 1951 2773 1641).

299 2783 485 2826 Quaenam
509 2781 559 2816 sit
579 2780 685 2826 justa
705 2790 825 2814 eausa
849 2779 1075 2815 dimittendi
1097 2780 1366 2825 Coadjutores,
1394 2779 1435 2814 in
1457 2779 1643 2815 Instituto
1671 2792 1749 2817 non
1770 2783 1954 2819 determi-

246 2846 378 2878 natur.
403 2840 652 2887 Experientia
674 2842 804 2874 tamen
825 2842 861 2874 et
882 2839 1014 2874 indole
1036 2839 1156 2885 hujus
1178 2840 1325 2885 gradus
1352 2839 1529 2881 innixus,
1558 2839 1767 2877 Suarezius
1788 2844 1955 2889 requirit

246 2912 405 2939 causam
427 2911 505 2936 non
526 2899 782 2945 temporalem
800 2899 868 2934 sed
887 2898 1149 2944 spiritualem,
1169 2902 1204 2934 et
1226 2899 1385 2944 quidem
1406 2899 1645 2935 contrariam
1662 2900 1855 2948 Religioni
1874 2914 1954 2940 non

246 2962 426 3010 negative
445 2961 586 3004 solum,
613 2959 678 2995 sed
698 2959 878 3006 positive.
904 2958 1000 2994 Hinc
1021 2959 1235 2995 infirmitas
1253 2958 1467 3005 corporalis
1489 2969 1567 2994 non
1589 2960 1732 2997 sufficit
1751 2962 1800 2998 ad
1819 2963 1955 3001 dimis-

2006 951 2018 978 ‘1
2023 951 2056 980 9¹1
