2145 3366
217 291 296 328 506

221 460 620 498 concionatores.
655 483 700 486 -—
739 461 769 495 A
809 460 1031 495 I‘rovinciali
1070 460 1072 473 ¹

268 518 485 563 deputandi,
514 518 596 552 382.
620 539 665 543 ψ
686 518 755 559 Qui
788 518 918 552 saltem
950 520 1033 550 ton-

267 575 396 619 surati,
413 575 495 618 382,
512 575 593 609 388.
610 596 656 599 —
671 575 767 616 Quid
791 574 819 608 si
842 575 1036 608 mittantur

268 632 306 667 in
327 633 437 666 aliam
459 633 705 677 Provinciam,
728 633 811 667 387.
836 653 881 656 ——
903 632 1034 666 Utrum

269 689 358 734 ipsis
395 689 605 724 necessaria
646 689 795 723 licentia
828 687 1033 730 Ordinarii,

267 746 349 781 388.
370 768 415 771 —
437 747 727 781 Concionatores
749 745 937 791 quomodo
960 744 1036 778 sor-

268 803 408 847 mandi,
440 803 522 839 383.
551 803 632 837 384.
656 824 702 826 —
730 802 868 836 Eorum
900 801 1036 844 officia,

267 860 350 903 385,
366 860 448 904 386,
465 860 547 895 333.
570 881 616 884 μ
638 859 836 901 Quodnam
857 859 1037 893 talentum

269 917 439 962 suppleat
470 928 535 962 pro
567 916 812 962 professione,
839 915 920 958 173,
954 914 1035 949 174.

268 995 313 998 —-
330 974 461 1008 Utrum
484 973 709 1008 Ordinarius
723 973 784 1016 jus
800 971 934 1005 habeat
950 982 1039 1016 pra}-

270 1030 417 1064 dicandi
443 1031 477 1064 in
500 1035 627 1065 nostra
649 1029 818 1068 ecelesia,
842 1027 923 1063 388.

224 1101 546 1138 Confessaffii.
591 1123 637 1126 —
677 1102 953 1136 Estwnornm-
994 1121 1040 1124 —
1076 1125 1078 1132 ,

270 1159 438 1193 Muneris
468 1159 699 1202 excellentia,
723 1158 805 1192 404.
828 1178 873 1181 μ
902 1157 1038 1190 Eorum

271 1215 388 1260 dotes,
422 1216 503 1250 404.
537 1237 583 1240 μ
608 1215 784 1250 Juniores
815 1225 889 1248 non
920 1213 1039 1258 depu-

271 1272 372 1306 tandi
410 1272 445 1306 in
484 1272 708 1316 ordinarios,
750 1270 832 1314 139,
873 1270 953 1304 405.
995 1290 1040 1293 —

271 1329 530 1374 Examinandi,
566 1328 646 1363 405.
681 1349 727 1352 ——
761 1326 955 1369 Quomodo
995 1325 1039 1359 ab

272 1386 481 1420 Ordinariis
511 1385 765 1425 examinandi,
790 1383 1037 1429 approbandi,

270 1443 351 1477 408.
374 1464 420 1467 ——
440 1443 578 1477 Eorum
602 1441 828 1487 jurisdictio,
852 1440 934 1484 392,
957 1440 1038 1474 409.

272 1499 410 1535 Eorum
440 1499 576 1541 officia,
608 1499 690 1543 406,
725 1497 807 1533 139.
836 1519 882 1521 —
911 1496 1040 1538 Quoad

273 1557 528 1591 confessiones
550 1556 768 1599 mulierum,
787 1555 869 1589 406.
894 1575 940 1579 ff—
961 1554 1041 1588 Mo—

272 1613 442 1657 uialium,
465 1613 547 1648 533.
570 1634 616 1637 ——
637 1612 869 1656 Principum,
893 1610 974 1645 407.
996 1631 1042 1635 q

272 1670 366 1715 Ipsis
399 1670 683 1704 commendatur
721 1668 920 1710 Polancus,
957 1666 1039 1701 405.

272 1747 319 1752 -—
354 1726 548 1768 Quomodo
588 1726 728 1772 scripto
772 1724 1039 1770 respondeant,

273 1783 354 1818 334.
378 1805 424 1807 —
446 1783 655 1817 Facultates
677 1793 821 1826 eorum,
845 1781 926 1826 542,
958 1792 1039 1826 sqq.

322 1840 566 1875 Nostrorum.
584 1861 629 1864 -—
651 1839 811 1881 Quinam
831 1838 868 1872 in
890 1848 1040 1882 genere,

273 1896 355 1941 309,
378 1896 460 1931 310.
483 1917 529 1920 —
546 1897 618 1930 Pro
642 1895 791 1930 novitiis
809 1897 845 1929 et
865 1893 1042 1928 candida—

275 1953 335 1997 tis,
357 1953 415 1996 61,
438 1953 521 1998 310,
544 1952 601 1987 51.
622 1973 667 1976 —
688 1952 760 1986 Pro
782 1951 889 1985 tertia
912 1950 1045 1996 proba-

275 2010 389 2053 tione,
405 2009 488 2044 200.
504 2030 551 2033 —
571 2009 643 2043 Pro
666 2007 942 2050 itinerantibus,
959 2006 1041 2041 310.

275 2066 347 2100 Pro
377 2065 658 2112 Superioribus,
689 2064 770 2099 348.
794 2085 840 2088 ——
860 2064 1045 2108 'l'empore

271 2122 427 2167 jubilwi,
448 2122 530 2157 309.
550 2143 596 2146 —
618 2121 746 2162 Quoad
766 2120 937 2162 venialia,
960 2119 1043 2153 309.

275 2200 321 2203 —
341 2179 425 2214 Non
447 2179 700 2222 suffragantur
719 2177 868 2212 Nostris
892 2176 1046 2221 pagellae

276 2239 312 2269 et
341 2235 443 2271 bulla
472 2234 675 2277 Crucium),
708 2233 790 2268 309.
822 2232 985 2274 —Quid
1015 2232 1044 2266 si

276 2292 370 2326 absit
400 2291 593 2338 Superior,
626 2290 708 2333 346,
742 2290 823 2324 573.
846 2310 891 2313 —-
914 2289 1044 2322 Facul—

277 2352 369 2383 tates
390 2348 727 2387 Consessariorum,
744 2346 825 2380 312.
845 2367 891 2369 Ἀ
912 2346 1044 2380 Curam

277 2405 439 2439 habeant
473 2404 763 2449 Coadjutorum,
799 2402 880 2437 196.
913 2423 958 2426 μ
991 2402 1046 2437 Ne

278 2462 371 2496 levia
400 2461 526 2496 onmia
552 2464 694 2506 putent,
722 2459 805 2493 144.
837 2479 883 2482 fi
914 2458 1046 2492 Utrum

277 2517 422 2563 possint
448 2528 529 2551 esse
555 2516 807 2559 Consultores,
843 2514 925 2555 310,
962 2514 1043 2547 509.

232 2587 504 2625 Confessio.
534 2608 580 2612 —-
611 2585 929 2628 Hebdomadaria,
962 2584 1044 2618 309.

279 2645 522 2679 Sacerdotum
544 2643 788 2689 frequentior,
808 2641 890 2676 311.
914 2662 959 2665 ——
978 2642 1047 2675 Ge-

277 2701 414 2736 neralis
445 2700 608 2746 quando,
640 2699 722 2734 309.
744 2720 791 2723 -—
821 2698 1046 2732 Candidato—

279 2769 377 2801 rum,
408 2757 467 2801 46,
504 2756 562 2791 51.
594 2776 641 2780 -—
671 2755 791 2799 Sigilli
826 2754 1045 2797 reverentia,

278 2814 360 2858 311,
377 2814 459 2858 310,
477 2813 559 2857 307,
574 2812 633 2847 70.
655 2832 702 2836 —
723 2811 774 2846 Cf.
797 2810 1045 2855 Confessarit'.

234 2877 641 2915 ConieSSiOnalia.
666 2898 711 2901 —
732 2876 929 2918 Quomodo
957 2887 1046 2909 con-

281 2936 480 2979 stituenda,
500 2935 583 2978 139,
607 2934 688 2969 400.

236 3000 561 3046 (lonflreflatio
577 2999 635 3036 ad
652 2999 764 3044 eliq.
778 2998 1047 3036 vicarium.

282 3078 327 3081 »ψ
349 3057 570 3099 Remissive,
593 3056 675 3100 301,
700 3066 783 3100 pag.
798 3055 879 3089 267.

817 301 953 330 iNincx
989 299 1329 329 ,xLl’liAssIC'rittL‘s

1110 458 1437 504 congregatio
1478 457 1747 504 generalis.
1778 479 1823 481 —
1860 457 1924 491 Vis

1156 515 1396 550 Deeretorum
1420 515 1513 559 ejus,
1537 515 1570 558 5,
1593 515 1627 548 7.
1647 535 1693 538 ,-
1711 514 1881 558 Quando,
1905 526 1925 548 a

1157 583 1237 618 quo,
1271 571 1458 615 cogenda,
1497 570 1578 605 281.
1613 591 1659 595 ——
1693 570 1925 612 Quibusnam

1158 632 1314 672 constat,
1337 628 1419 663 282.
1441 649 1487 652 —
1509 627 1669 669 Quinam
1691 638 1733 661 ex
1761 627 1819 660 liis
1847 626 1925 661 sut*-

1159 686 1365 729 fragantur,
1388 684 1470 719 283.
1493 705 1539 708 —
1559 683 1705 718 Litterae
1734 683 1806 717 PP.
1830 682 1925 717 Con·

1158 744 1398 786 gregatorum
1426 752 1500 775 non
1530 739 1753 785 aperie11‹1lae,
1776 738 1858 773 283.
1881 760 1927 765 -—-

1159 798 1249 842 Ejus
1264 801 1439 844 potestas,
1454 797 1536 831 284.
1551 818 1595 821 —
1608 795 1926 840 Congregationes

1161 855 1397 896 Polocenses,
1417 854 1452 889 0.

1115 925 1441 972 Conqreqatio
1462 927 1865 961 procuratorum.
1882 944 1928 949 —

1160 983 1382 1027 Remissix‘e,
1406 982 1487 1023 301,
1508 992 1592 1027 pag.
1615 981 1697 1016 267.

1115 1057 1443 1104 Conflreflatio
1490 1055 1832 1103 provincialis.
1883 1076 1929 1080 —

1160 1114 1327 1150 Inslt'ctio
1366 1118 1399 1148 et
1439 1112 1658 1148 cmctorz‘tas.
1692 1134 1739 1136 —
1773 1111 1927 1154 Quando

1162 1172 1341 1216 cogenda,
1363 1171 1445 1205 285.
1469 1192 1515 1195 —
1536 1170 1633 1211 Quid
1656 1169 1700 1203 de
1722 1168 1929 1203 Provinciis

1163 1233 1265 1263 extra
1298 1229 1504 1273 Europam,
1538 1226 1623 1261 285.
1657 1247 1703 1250 -—
1736 1225 1788 1260 De
1820 1225 1928 1259 Vice-

1162 1285 1382 1329 Provinciis,
1405 1284 1487 1318 285.
1510 1305 1556 1307 —
1577 1282 1823 1324 Quandonam
1843 1292 1929 1316 cen-

1163 1347 1265 1378 setur
1294 1343 1473 1387 legitima,
1496 1341 1579 1376 285.
1610 1362 1656 1365 —
1686 1339 1930 1374 Provincialis

1164 1410 1238 1433 non
1260 1403 1377 1433 mutat
1408 1398 1664 1440 indictionem,
1687 1396 1769 1430 285.
1792 1417 1837 1419 —
1858 1396 1932 1429 Cur

1164 1456 1318 1501 cogitur,
1348 1455 1429 1489 286.
1451 1475 1498 1479 —
1519 1454 1598 1495 Qua
1629 1453 1772 1487 ratione
1801 1454 1932 1486 tractat

1166 1513 1210 1547 de.
1241 1511 1566 1554 substantialibus,
1588 1510 1646 1550 12,
1669 1509 1750 1544 299.
1779 1530 1825 1533 —
1852 1508 1931 1549 Qua

1165 1570 1307 1604 ratione
1329 1569 1405 1613 agit
1421 1568 1465 1602 de
1484 1567 1674 1602 mutandis
1689 1565 1931 1601 Constitutio-

1165 1626 1290 1671 nibus,
1313 1625 1371 1669 12,
1404 1624 1485 1659 299.
1509 1645 1554 1649 -—
1576 1624 1656 1665 Qua
1686 1622 1828 1657 ratione
1859 1621 1933 1665 agit

1166 1683 1211 1717 de
1233 1686 1328 1718 statu
1350 1680 1566 1724 Provinciae,
1581 1679 1664 1724 286,
1685 1679 1766 1713 289.
1786 1699 1832 1702 d
1854 1678 1932 1720 Qua

1165 1740 1309 1774 ratione
1326 1739 1402 1783 agit
1420 1738 1464 1773 de
1481 1737 1648 1772 Decretis
1669 1736 1806 1780 Congr.
1829 1746 1928 1781 gen.,

1217 1862 1385 1905 Quinam
1396 1860 1695 1906 eipartt'ct'pcmt.
1709 1879 1754 1883 —
1766 1857 1931 1892 Admissi

1166 1920 1262 1954 intra
1300 1928 1513 1961 numerum,
1554 1916 1636 1951 287.
1682 1936 1729 1939 -«
1767 1914 1931 1948 Admissi

1167 1981 1269 2011 extra
1299 1985 1510 2018 numerum,
1533 1973 1615 2008 287.
1644 1993 1690 1996 -
1714 1972 1842 2006 Utrum
1871 1971 1933 2004 ad-

1167 2033 1362 2067 mittantur
1404 2030 1625 2076 Superiores
1668 2028 1929 2071 convictuum,

1168 2094 1253 2134 ete.,
1269 2089 1352 2133 301,
1367 2088 1449 2122 287.
1470 2108 1516 2111 ——
1532 2086 1629 2128 Quid
1646 2085 1691 2119 de
1708 2084 1932 2119 Rectoribus

1168 2151 1202 2181 et
1222 2146 1407 2181 Prosessis
1437 2148 1537 2178 extra
1564 2143 1764 2188 Europam,
1784 2141 1865 2175 267.
1888 2162 1934 2165 —

1169 2203 1265 2244 Quid
1286 2203 1330 2236 de
1353 2200 1594 2235 missionibus
1615 2198 1765 2241 exteris,
1787 2197 1869 2232 289.
1888 2218 1934 2221 —

1169 2260 1264 2301 Quid
1302 2259 1346 2293 de
1382 2255 1726 2299 Vice-Rectoribus,
1765 2254 1847 2289 288.
1889 2274 1934 2278 -

1168 2316 1402 2359 Vico-Proin,
1422 2314 1502 2349 290.
1525 2335 1571 2337 —
1593 2312 1688 2354 Quid
1711 2311 1755 2345 de
1777 2312 1934 2345 Rectore

1169 2373 1321 2417 Collegii
1357 2371 1530 2416 dispersi,
1566 2369 1647 2404 288.
1682 2390 1728 2392 —
1760 2367 1854 2409 Quid
1889 2367 1934 2401 de

1169 2430 1323 2475 antiqno
1345 2427 1581 2469 Provinciali,
1606 2424 1879 2460 Assistentibus
1900 2427 1935 2458 et

1170 2485 1396 2532 quibusdam
1420 2484 1515 2527 aliis,
1542 2483 1624 2527 289,
1654 2482 1735 2516 290.
1763 2502 1809 2505 ω
1837 2480 1933 2522 Quid

1170 2544 1216 2577 de
1234 2542 1417 2577 Prol'essis
1433 2545 1533 2575 extra
1556 2550 1661 2574 suam
1683 2538 1932 2581 Provinciam,

1168 2600 1251 2634 289.
1274 2620 1319 2623 -—-
1346 2599 1397 2632 De
1426 2597 1556 2631 ordine
1579 2600 1613 2630 et
1633 2595 1851 2641 probatione
1873 2605 1936 2628 an-

1169 2655 1364 2702 tiquitatis,
1387 2654 1469 2698 288,
1493 2654 1575 2688 177.
1598 2673 1644 2677 —
1665 2651 1760 2693 Quid
1789 2651 1817 2684 si
1841 2650 1936 2684 desit

1169 2723 1351 2748 numerus
1382 2712 1501 2745 suffic.
1534 2709 1715 2753 profess„
1746 2707 1828 2752 287,
1851 2707 1933 2742 288.

1168 2791 1215 2794 -—
1247 2768 1353 2810 Quod
1387 2765 1796 2810 Collegiumhabeatur
1823 2764 1937 2798 niaxi-

1170 2837 1286 2869 mum,
1315 2825 1397 2865 287,
1419 2823 1500 2858 288.
1523 2843 1569 2847 —
1590 2822 1772 2866 Tempore
1797 2821 1932 2864 Congr.

1171 2882 1394 2927 regulariter
1421 2891 1494 2914 non
1522 2882 1713 2913 mutantur
1744 2878 1934 2920 Rectores,

1169 2939 1250 2973 288.
1273 2959 1318 2962 -—
1346 2937 1504 2978 Quinam
1530 2939 1730 2969 censentur
1751 2933 1932 2978 impediti,

1169 2995 1251 3030 291.
1274 3015 1320 3018 β
1341 2993 1501 3035 Quinam
1525 2991 1694 3036 judicant
1715 2990 1760 3024 de
1783 2989 1936 3034 impedi-

1171 3051 1318 3093 mentiS,
1356 3049 1418 3084 291
1440 3077 1448 3090 ‚
1489 3048 1570 3083 571.
1608 3068 1653 3071 -—
1692 3047 1826 3080 Hector
1861 3044 1931 3079 sibi

2089 1686 2143 1713 iiiiiiili

2089 1736 2137 1770 dum.

2089 1794 2131 1823 tili.

2092 1860 2141 1893 tullii*

2091 1908 2144 1943 livini

2092 1972 2139 1996 iiritil

2072 2060 2145 2105 Comji·
