2145 3366
120 1531 169 1558 1292

245 254 315 292 176
943 265 1055 293 PARS
1087 265 1250 293 TERTIA

235 443 384 479 sionem
409 444 527 480 etiam
551 444 854 487 concedendam,
879 454 950 479 nec
971 444 1169 480 inutilitas
1194 444 1244 479 ad
1266 443 1488 480 ministeria
1511 444 1729 490 Societatis,
1750 456 1821 481 nec
1841 446 1942 482 diffi-

233 502 360 539 cultas
381 503 526 540 indolis
549 514 627 539 non
652 503 818 549 positive
839 503 1073 549 perniciosa,
1099 503 1167 539 ubi
1192 503 1412 549 praesertim
1433 504 1523 540 haec'
1541 504 1677 541 habita
1703 505 1843 541 fuisset
1862 505 1942 550 J'am

232 565 323 597 ante
350 563 490 599 ultima
511 566 621 607 vota3
652 563 721 599 sed
747 563 971 599 necessaria
1001 565 1060 598 est
1087 562 1429 609 incorrigibilitas,
1460 564 1567 600 omni
1595 564 1799 610 praemisso
1829 575 1943 601 cura-

234 621 351 657 tionis
374 623 600 665 tentamine,
623 623 663 657 in
683 633 723 658 se
744 622 978 667 perniciosa.
1001 622 1115 658 Ratio
1136 625 1195 657 est
1213 623 1305 667 quia
1321 622 1533 668 Coadjutor
1550 623 1750 659 admissus
1772 624 1847 660 suit
1863 635 1943 660 non

233 683 274 716 ut
295 682 539 727 probandus,
566 682 633 718 sed
655 692 744 717 cum
767 682 850 717 suis
871 681 1237 727 imperfectionibus
1266 685 1308 717 ut
1335 683 1525 727 probatus
1553 685 1590 718 et
1617 683 1805 719 inventus
1833 684 1941 720 suffi-

231 740 337 776 ciens
359 742 408 777 ad
430 741 612 777 ultimam
635 742 802 777 Iormam
825 740 887 776 sui
908 741 1083 786 religiosi
1106 743 1249 776 status.
1273 739 1344 790 (Ct.
1367 742 1498 785 Suar.,
1523 742 1650 786 LVII,
1675 753 1708 778 c.
1730 753 1772 785 11,
1797 753 1836 778 n.
1859 740 1941 792 12.)

230 799 257 834 E
284 804 420 836 contra
450 801 716 837 Scholasticus
746 811 793 836 ex
823 801 909 846 ipso
939 810 1010 835 suo
1039 801 1167 846 gradu
1191 800 1320 836 adhuc
1351 801 1391 836 in
1418 802 1723 851 probationibus
1742 805 1939 839 versatur.

230 859 283 895 De
302 870 396 895 casu
418 861 661 896 scandalosae
681 860 820 905 culpae,
842 860 891 894 cl.
917 860 1036 903 inira,
1061 860 1100 894 P.
1125 871 1177 903 Vl,
1202 871 1234 895 c.
1261 860 1298 904 3,
1322 861 1391 895 ubi
1407 861 1455 896 de
1474 861 1628 897 dimiss.
1653 862 1937 898 Protessorum.

282 933 298 960 2
319 937 388 972 Hic
405 938 565 973 effectus
584 941 673 973 voto
691 937 937 983 paupertatis
958 937 1184 972 adnectitur
1204 947 1252 972 ex
1272 938 1359 983 J'ure
1382 938 1542 984 speciali
1561 938 1779 975 Societatis.
1797 939 1940 976 Votum

229 997 460 1032 obedientiae
490 997 548 1032 nil
579 997 696 1032 habet
722 996 932 1042 peculiare.
964 997 1109 1033 Votum
1140 997 1337 1033 castitatis
1370 998 1501 1033 irritat
1526 998 1826 1035 matrimonium
1849 1009 1940 1035 con-

229 1056 480 1099 trahendum,
505 1067 583 1092 non
605 1067 696 1092 vero
722 1059 983 1092 contractum.
1003 1053 1009 1059 ’

280 1130 295 1157 3
322 1134 402 1169 11110
427 1136 463 1169 et
484 1134 699 1179 aliquando
719 1134 952 1169 visitatores
975 1134 1066 1169 facti
1089 1136 1183 1169 sunt
1205 1131 1358 1183 (1640).
1384 1135 1582 1171 Ascensus
1603 1146 1650 1171 ex
1671 1136 1796 1181 gradu
1818 1136 1940 1172 Coad-

226 1193 368 1239 jutoris
392 1194 612 1238 spiritualis
634 1196 701 1228 aut
722 1194 891 1228 Professi
916 1193 1036 1228 trium
1060 1196 1239 1229 votorum
1262 1194 1311 1229 ad
1334 1195 1619 1230 Professionem
1641 1199 1812 1240 quatuor
1831 1199 1938 1232 voto-

228 1263 315 1288 rum
343 1263 421 1288 non
448 1256 507 1288 est
536 1253 824 1298 permittendus
854 1253 933 1288 nisi
962 1263 1009 1288 ex
1037 1253 1286 1298 gravissimis
1314 1254 1458 1293 causis,
1484 1255 1517 1289 si
1543 1265 1580 1290 v.
1602 1265 1639 1300 g.
1661 1265 1820 1291 necesse
1840 1256 1939 1291 foret

226 1312 399 1358 aliquem
422 1324 467 1347 ex
490 1313 551 1348 his
573 1313 857 1348 Provincialem
881 1313 1019 1348 iacere.
1045 1312 1114 1348 Hic
1135 1313 1242 1348 solus
1264 1323 1380 1349 casus
1402 1317 1460 1349 est
1482 1314 1522 1349 in
1547 1324 1623 1359 quo
1647 1315 1748 1350 hanc
1768 1318 1938 1360 potesta-

226 1374 304 1407 tem
331 1371 511 1407 Generali
534 1374 751 1418 competere
778 1375 909 1407 censet
933 1372 974 1407 P.
996 1372 1184 1408 Masellus
1209 1372 1412 1408 Assistens
1434 1373 1557 1409 Italiae
1582 1374 1634 1419 (a.
1663 1373 1777 1417 1598,
1807 1374 1935 1421 1622).

285 1519 364 1563 ΙΙΙ.
381 1545 418 1550 -
449 1518 584 1564 Ritus
608 1531 662 1563 ea
684 1518 943 1564 emittendi.
963 1543 1011 1550 —
1032 1519 1170 1562 Ritus
1192 1518 1353 1574 iidem,
1372 1524 1495 1576 ante,
1514 1519 1562 1562 in
1582 1524 1627 1564 et
1644 1523 1749 1577 post
1765 1519 1936 1563 horum

227 1602 437 1641 votorum
463 1597 782 1652 emissionem,
808 1596 1023 1641 servandi
1052 1602 1176 1653 sunt,
1202 1597 1283 1655 qui
1307 1597 1539 1655 superius,
1564 1597 1646 1641 ubi
1675 1597 1731 1641 de
1754 1597 1937 1643 Profes-

225 1674 354 1718 sione
383 1674 621 1733 agebatur,
651 1674 875 1733 descripti
904 1679 1030 1731 sunt,
1057 1674 1261 1733 exceptis
1291 1675 1348 1719 iis
1379 1688 1482 1733 quae
1511 1680 1722 1733 spectant
1748 1675 1805 1719 ad
1832 1680 1936 1721 vota

225 1752 479 1810 simplicia,
512 1752 589 1796 sed
617 1752 811 1796 retentis
832 1752 889 1812 iis
911 1766 1017 1810 quae
1045 1753 1283 1810 pertinent
1303 1753 1359 1796 ad
1388 1752 1647 1796 docendam
1675 1753 1934 1798 doctrinam

225 1830 544 1886 christianam,
570 1830 735 1874 eodem
762 1830 900 1873 modo
929 1844 1020 1888 quo
1043 1830 1092 1873 in
1120 1830 1418 1874 Professione
1446 1831 1931 1889 intelligendis.v(Cst.,

222 1907 275 1965 V,
301 1921 362 1965 iv,
389 1922 434 1951 n.
456 1907 501 1965 1,
525 1908 568 1965 2,
592 1907 635 1952 3.
666 1934 722 1938 —
745 1908 793 1951 (12.
817 1908 889 1958 (1.,
917 1907 975 1963 ΙΙ,
999 1907 1071 1951 58.
1096 1934 1153 1938 —
1174 1907 1231 1951 R.
1256 1908 1392 1951 Prov.
1418 1907 1509 1962 711.)

281 2018 356 2063 IV.
372 2045 428 2049 ——
447 2020 509 2064 De
531 2018 673 2077 hujus
692 2018 865 2077 gradus
884 2017 1219 2076 acceptatione.
1233 2044 1289 2049 —
1303 2017 1481 2062 Omnes
1500 2017 1531 2061 ii
1551 2017 1721 2075 quibus
1739 2017 1816 2062 1110
1833 2032 1934 2077 gra—

225 2095 310 2141 dus
338 2097 604 2156 assignatur
632 2097 898 2155 obligantur
925 2097 978 2140 ad
1005 2111 1115 2140 eum
1143 2096 1485 2155 acceptandum
1515 2096 1581 2149 (C.
1607 2096 1681 2152 (1.,
1706 2096 1760 2153 V,
1784 2096 1857 2153 50,
1880 2096 1930 2152 13

221 2200 277 2206 ——
299 2175 500 2231 V11,32;
525 2201 582 2206 —
609 2175 696 2232 CL,
724 2188 788 2231 vl,
813 2174 871 2228 9),
905 2175 1027 2218 etad
1056 2174 1366 2218 mutationem
1396 2174 1467 2218 sui
1495 2173 1669 2232 gradus
1699 2188 1795 2218 non
1823 2187 1932 2231 pro-

221 2253 492 2296 curandam.
531 2253 650 2308 (Ex.,
685 2266 716 2307 Ι,
746 2252 798 2300 9;
830 2279 885 2282 -
916 2264 978 2307 VI,
1010 2252 1052 2308 Γ),
1083 2252 1126 2296 6.
1160 2278 1216 2282 -
1249 2252 1361 2309 Cst.,
1396 2251 1449 2307 V,
1484 2265 1546 2308 IV,
1579 2252 1644 2305 5.)
1676 2251 1794 2296 Aliis
1822 2265 1931 2295 vero

221 2344 379 2373 severe
411 2331 692 2388 prohibetur
723 2344 781 2372 ne
810 2330 867 2372 de
895 2330 984 2373 1100
1018 2329 1165 2387 gradu
1194 2330 1375 2387 abjecte
1403 2329 1657 2386 loquantur
1686 2343 1694 2371 :
1731 2329 1778 2372 id
1806 2329 1931 2372 enim

221 2408 531 2451 substantiam
561 2407 765 2451 instituti
794 2408 1058 2464 attingeret,
1083 2412 1129 2450 et
1156 2408 1279 2465 gravi
1309 2421 1447 2464 pcena
1468 2407 1761 2464 puniendum
1789 2411 1927 2463 esset,

220 2491 265 2529 et
289 2487 328 2529 si
362 2486 608 2530 oblocutor
637 2485 835 2544 gradum
870 2484 1023 2527 adhuc
1052 2498 1145 2528 non
1170 2485 1372 2540 fecisset,
1402 2485 1490 2528 1100
1517 2485 1674 2542 ipsum
1704 2484 1752 2527 in
1780 2483 1929 2528 infor-

221 2564 506 2607 illationibus
535 2568 660 2607 esset
683 2562 958 2606 notandum.
990 2562 1056 2614 (C.
1085 2563 1159 2613 G„
1183 2562 1305 2617 XXI,
1329 2562 1450 2615 221.ss

271 2689 282 2716 ·1
309 2692 358 2727 be
385 2692 524 2728 merito
554 2691 673 2737 hujus
695 2691 843 2737 gradus
873 2694 909 2726 et
935 2689 981 2725 de
1011 2700 1177 2726 ascensu
1209 2691 1258 2726 ab
1289 2691 1356 2726 illo
1384 2691 1433 2727 ad
1463 2690 1746 2726 Prolessionem
1774 2701 1864 2726 raro
1890 2680 1927 2726 et

217 2761 263 2786 ex
291 2752 525 2793 gravissima
557 2761 675 2786 causa
708 2751 905 2792 faciendo,
943 2751 991 2785 01.
1028 2760 1214 2796 responsa
1249 2750 1500 2785 Generalium
1537 2750 1641 2795 apud
1671 2748 1712 2785 P.
1744 2750 1922 2793 OswaId,

218 2821 256 2844 11.
283 2811 373 2846 2377.
