2145 3366
161 1174 212 1203 554

272 242 349 279 4⁸2
1007 248 1235 277 APPENDIX

328 428 375 471 40
406 426 710 471 Missionariis
746 426 958 470 locorum
991 426 1073 470 ubi
1110 426 1286 485 degunt
1320 427 1538 472 catholici
1579 427 1870 473 diversorum
1905 430 1970 473 ri-

271 511 403 549 tuum
432 504 755 561 Orientalium,
787 504 894 548 licet
927 503 1165 548 celebrare
1197 518 1337 562 supra
1371 504 1593 549 altaribus
1627 511 1672 551 et
1702 520 1809 551 cum
1841 521 1972 552 sacra

270 583 543 641 supellectili
576 582 745 626 horum
774 582 951 626 rituum
978 582 1182 640 propria,
1212 582 1293 626 ubi
1324 582 1431 626 talia
1468 583 1641 627 desunt
1673 584 1790 628 ritus
1816 584 1969 641 latini3

270 674 453 705 necnon
487 660 534 703 in
573 664 732 703 monte
771 659 947 703 Libano
981 660 1294 716 pronunciare
1334 659 1383 703 in
1420 659 1578 719 lingua
1610 661 1795 705 arabica
1832 662 1973 708 verba

269 738 437 797 quibus
458 737 751 781 Eucharistia
769 736 942 795 populo
959 737 1282 793 distribuitur3
1306 741 1352 781 et
1371 737 1419 780 in
1441 736 1631 782 Oriente
1653 739 1718 782 eis
1734 738 1842 784 licet
1863 739 1972 783 dare

268 830 429 874 pacem
459 816 598 860 etiam
620 815 667 858 in
690 815 844 859 missis
866 814 1073 872 privatis.
1098 814 1297 872 (Comp,
1321 828 1368 858 n.
1392 814 1514 868 486.)

783 1012 833 1056 50
862 1012 1027 1065 Quoad
1052 1013 1273 1056 utensilia
1299 1025 1449 1056 sacra.

325 1160 373 1203 <10
399 1158 681 1217 Corporalia,
707 1171 862 1202 sacras
885 1163 1053 1213 vestes,
1079 1157 1262 1217 aliaque
1284 1159 1516 1216 utensilia,
1542 1159 1589 1203 in
1612 1172 1813 1217 quorum
1835 1159 1977 1205 bene-

269 1238 469 1281 dictione
490 1251 584 1280 non
605 1236 855 1280 intervenit
881 1236 1038 1279 unctio
1062 1249 1206 1291 sacra,
1232 1236 1515 1281 benedicere
1537 1242 1751 1295 possunt,
1773 1251 1855 1296 pro
1883 1252 1973 1283 usu

267 1329 459 1359 suarum
495 1314 800 1358 ecclesiarum
845 1313 1231 1369 oratoriorumve,
1280 1328 1444 1359 omnes
1484 1314 1758 1372 Superiores
1802 1315 1975 1374 aliique

267 1392 532 1437 sacerdotes
560 1391 733 1450 quibus
754 1391 843 1450 ipsi
864 1391 1332 1435 communicaverint.
1358 1391 1556 1450 (Comp.,
1580 1392 1652 1449 60,
1682 1392 1775 1447 61.)
1799 1393 1897 1437 Imo
1926 1394 1975 1437 in

266 1471 378 1515 locis
418 1470 696 1514 missionum
729 1468 1069 1527 Compendium
1106 1470 1424 1514 communicat
1454 1470 1718 1514 facultatem
1753 1471 1975 1516 omnibus

268 1548 590 1592 missionariis.
614 1547 681 1607 (n.
711 1546 808 1604 59.)

323 1633 370 1676 20
397 1632 590 1687 Calices,
611 1635 818 1689 patenas,
838 1635 883 1674 et
903 1630 1063 1674 altaria
1083 1631 1315 1689 portatilia
1337 1631 1382 1684 (i.
1406 1644 1445 1674 e.
1470 1632 1647 1689 lapides
1674 1636 1845 1685 sacros)
1867 1645 1975 1676 cum

266 1711 377 1755 oleis
404 1710 460 1754 ab
491 1709 721 1767 Episcopo
749 1707 1008 1752 benedictis
1040 1721 1316 1753 consecrare
1347 1714 1543 1766 possunt
1573 1708 1863 1766 Superiores,
1894 1709 1976 1753 ubi

266 1788 480 1845 Episcopi
502 1786 572 1830 vel
601 1800 694 1830 non
716 1786 825 1836 sint,
852 1785 923 1829 vel
947 1785 1119 1830 distent
1148 1785 1271 1830 ultra
1301 1786 1416 1830 duas
1444 1786 1594 1831 dietae
1625 1787 1671 1838 (i.
1709 1800 1749 1830 e.
1776 1786 1976 1845 quadra-

267 1865 390 1924 ginta
421 1863 655 1921 milliaria)
690 1863 761 1907 vel
793 1862 935 1907 Sedes
968 1868 1114 1907 vacet.
1150 1863 1211 1907 At
1240 1877 1334 1907 non
1366 1864 1743 1908 communicatur
1774 1863 1863 1908 nisi
1891 1877 1975 1921 pro

268 1943 380 1987 locis
411 1942 492 1986 ubi
521 1941 569 1986 C.
607 1941 664 1984 de
695 1941 832 1998 Prop.
862 1939 975 1984 Fide
1011 1939 1213 1984 similem
1244 1940 1514 1985 facultatem
1545 1940 1664 1985 solet
1698 1940 1972 1986 concedere.
2005 1976 2008 1980 ,

267 2023 464 2079 (Comp,
488 2021 561 2071 62,
584 2019 677 2073 63.)

325 2106 368 2149 3⁰
396 2104 519 2148 Laici
541 2102 765 2162 quamdiu
787 2116 948 2146 curam
970 2102 1193 2145 sacristiae
1214 2102 1406 2159 habent,
1424 2116 1531 2146 vasa
1546 2116 1692 2158 sacra,
1716 2101 1976 2160 corporalia

269 2189 313 2228 et
349 2181 664 2241 purificatoria
697 2179 835 2224 nudis
872 2179 1090 2223 manibus
1123 2185 1313 2238 tangere
1350 2186 1561 2238 possunt.
1595 2180 1976 2225 Communicatur

270 2275 351 2318 per
378 2260 695 2317 Superiorem.
719 2257 917 2314 (Comp,
941 2256 1067 2315 487.)
1088 2257 1287 2309 Quidam
1309 2263 1523 2302 auctores
1552 2257 1811 2301 extendunt
1837 2257 1978 2301 facul-

273 2344 410 2382 tatem
439 2337 567 2380 laicis
590 2335 967 2379 mendicantibus
995 2334 1228 2390 omnibus,
1256 2335 1456 2378 maxime
1477 2336 1534 2379 ad
1557 2335 1797 2379 servitium
1821 2335 1976 2378 missae

271 2414 517 2472 deputatis,
555 2418 600 2457 et
635 2412 830 2457 cuilibet
862 2411 1048 2466 clerico,
1088 2412 1299 2469 quamvis
1340 2411 1458 2456 forte
1498 2417 1678 2456 tantum
1716 2415 1974 2456 tonsurato.

272 2492 339 2536 Cf.
364 2492 584 2535 Ferraris.
610 2505 651 2534 v.
691 2490 812 2534 Vasa
831 2502 981 2533 sacra.

835 2679 883 2724 60
912 2679 1075 2732 Quoad
1102 2693 1259 2723 sacras
1283 2680 1413 2723 (vdes.

336 2826 382 2871 ‘10
408 2826 482 2871 Aa
505 2824 770 2882 crigsendam
797 2824 1040 2868 ecclesiam
1062 2823 1295 2881 publicam
1318 2823 1572 2881 requiritur
1593 2823 1848 2881 copulative
1871 2837 1976 2868 con-

279 2919 440 2947 sensus
464 2917 724 2961 expressus,
751 2902 913 2946 saltem
936 2901 1083 2958 factis,
1110 2901 1237 2958 prius
1259 2901 1492 2953 obtentus,
1517 2906 1613 2944 tum
1642 2901 1859 2959 Episcopi
1887 2901 1974 2945 loci

282 2988 375 3025 tum
406 2982 449 3025 S.
474 2980 620 3024 Sedis.
648 2980 732 3031 (Cf.
758 2993 860 3036 quie
887 2979 1123 3023 habentur
1144 2979 1191 3022 in
1219 2979 1400 3036 Comp.,
1431 2993 1477 3022 11.
1501 2978 1574 3030 17,
1597 2978 1670 3035 90,
1696 2984 1741 3022 et
1762 2983 1974 3022 auctores
