2145 3366
165 1156 200 1183 50

170 2294 202 2320 51

251 293 302 330 58
965 302 1075 329 mus
1110 302 1245 329 ratim

253 484 359 523 tunc,
376 481 408 517 si
424 482 686 525 convalescat,
703 482 909 517 habendus
924 484 983 517 est
999 484 1041 517 ut
1064 490 1179 516 verus
1200 480 1398 524 novitius3
1424 481 1455 515 si
1478 480 1682 523 moriatur,
1708 481 1955 526 sepeliendus

253 551 359 576 more
379 541 610 576 Nostrorum
637 555 651 575 »
678 542 730 587 (α.
758 541 886 586 1648).

307 600 514 644 Caeterum,
546 603 634 637 vota
665 601 885 637 devotionis
906 601 947 636 in
969 600 1135 636 articulo
1162 599 1300 634 morus
1325 609 1346 634 a
1365 600 1538 644 quolibet
1570 600 1653 635 fieri
1688 602 1854 645 possunt
1886 610 1957 645 pro

252 660 439 703 arbitri03
475 671 546 696 nee
577 661 666 706 quis
698 660 783 696 ideo
814 660 1039 696 admittitur
1068 660 1109 694 in
1140 659 1370 694 Societatem
1394 659 1446 704 (a.
1480 659 1610 705 1647).
1641 681 1689 684 -
1710 659 1763 694 De
1786 659 1888 695 votis
1916 658 1957 695 in
1995 672 2004 681 ¹*

253 719 419 755 articulo
442 720 579 755 mortis
601 721 650 755 ct.
675 720 795 764 intra,
818 730 901 765 cap.
925 720 961 763 5,
986 719 1053 755 ubi
1075 720 1122 754 de
1142 719 1244 754 votis
1265 719 1519 754 novitiorum.

311 791 326 812 «
361 779 556 815 Consueta
578 779 784 815 Societatis
815 780 1004 825 suffragia
1035 778 1156 814 indici
1178 788 1256 813 non
1278 779 1420 814 debent
1438 789 1508 823 pro
1525 778 1674 814 novitio
1695 779 1761 824 qui
1784 779 1832 814 ob
1854 778 1958 814 vale-

255 839 431 874 tudinem
453 850 472 873 e
494 839 685 874 Societate
707 839 912 879 dimissus,
944 838 1061 873 morti
1093 838 1343 883 postmodum
1364 838 1533 881 vicinus,
1557 838 1688 873 emisit
1710 840 1800 873 vota
1832 837 1957 873 Socie-

255 898 362 934 tatis.
387 899 495 942 Quod
514 899 631 934 etiam
653 898 891 943 intelligitur
913 898 961 933 de
982 898 1031 933 iis
1052 898 1196 943 quibus
1218 898 1258 932 in
1278 897 1444 933 articulo
1467 897 1604 933 mortis
1626 897 1871 943 permittitur
1889 907 1958 942 pro

255 967 327 993 sua
357 959 533 1004 ipsorum
566 958 846 1000 consolatione,
879 961 921 993 ut
951 958 1133 993 emittant
1163 960 1285 992 vota..
1311 956 1585 992 Commendari
1612 960 1744 992 tamen
1776 959 1960 1002 poterunt

255 1018 438 1063 precibus
460 1017 536 1053 NN.
567 1031 581 1051 »
604 1020 656 1064 (a.
682 1016 798 1060 1591,
825 1017 953 1063 1610).
987 1049 993 1054 ,

317 1140 374 1183 ΙΙ.
407 1167 464 1171 --
492 1141 711 1186 Quaenam
740 1140 788 1184 in
818 1139 1104 1184 admissione
1134 1139 1431 1196 praestanda?
1462 1165 1519 1170 —
1546 1139 1793 1183 Rationem
1824 1153 1959 1183 cons-

257 1218 439 1262 cientiae
480 1218 646 1262 reddet
685 1218 763 1276 qui
804 1217 1068 1261 admittitur
1103 1221 1149 1260 et
1183 1216 1462 1275 generaliter
1498 1215 1801 1260 confitebitur
1830 1217 1961 1274 juxta

257 1296 474 1353 superius
496 1296 618 1340 dicta
645 1295 772 1352 (Cap.
804 1296 969 1352 praee.)
999 1294 1120 1350 (Ex,
1148 1307 1209 1350 iv,
1236 1294 1309 1344 36,
1331 1294 1407 1350 41)
1427 1294 1454 1337 ¹.

318 1374 370 1417 In
392 1373 512 1417 libro
532 1372 686 1430 aliquo
708 1372 945 1416 notabitur
962 1371 1188 1430 quidquid
1209 1371 1415 1415 attulerit
1437 1371 1569 1428 (est,
1597 1371 1632 1428 I,
1658 1385 1720 1427 iv,
1746 1372 1787 1415 6.
1811 1371 1866 1415 R.
1895 1371 1956 1415 M.

257 1451 314 1495 N.
342 1452 435 1507 25),
462 1456 512 1494 ut
536 1451 576 1493 ei
597 1450 837 1506 reddatur,
868 1450 905 1493 si
933 1455 1039 1494 ante
1071 1449 1301 1506 expletam
1324 1449 1649 1506 probationem
1676 1449 1958 1507 egrediatur.

257 1555 314 1559 —
348 1529 448 1572 Imo
489 1529 527 1571 si
566 1532 727 1586 postea
761 1527 1090 1582 dimitteretur,
1129 1526 1305 1569 videbit
1343 1526 1566 1583 Superior
1605 1541 1744 1583 num,
1794 1530 1963 1583 praeter

259 1620 312 1650 ea
342 1620 447 1664 quze
493 1606 641 1663 ipsius
670 1619 771 1649 esse
818 1609 1014 1660 constat,
1054 1603 1229 1662 aliquid
1273 1603 1473 1661 amplius
1513 1604 1601 1661 ipsi
1644 1603 1763 1647 tradi
1796 1604 1958 1661 possit.

262 1684 389 1741 (Cst.,
422 1684 480 1735 Π,
512 1697 562 1739 11,
588 1682 688 1741 Β.)2

320 1762 373 1805 111
395 1761 483 1805 alio
508 1761 627 1804 libro
651 1765 779 1805 notet
803 1760 1023 1818 Magister
1049 1759 1346 1804 Novitioiuin
1371 1759 1495 1802 diem
1520 1765 1564 1803 et
1587 1773 1766 1802 annum
1788 1759 1964 1817 ingres-

260 1853 338 1883 sus
364 1839 754 1897 uniuscujusque,
779 1838 1044 1895 incipiendo
1069 1851 1093 1880 a
1117 1837 1190 1880 die
1220 1850 1311 1895 quo
1334 1837 1390 1880 ad
1414 1837 1615 1894 primam
1638 1836 1962 1893 probationem

261 1923 330 1961 est
359 1918 621 1975 ingressus3
648 1921 692 1960 et
717 1915 843 1974 quod
875 1920 1121 1959 contentus
1149 1915 1207 1959 sit
1237 1915 1392 1958 omnia
1423 1914 1511 1956 sibi
1542 1914 1777 1970 proposita
1805 1913 1963 1957 obser-

260 2009 381 2038 vare.
416 1994 636 2051 (Notetur
659 1994 697 2037 si
718 1994 765 2036 in
793 1992 1123 2050 Coadjutorein
1146 1992 1217 2035 vel
1240 1991 1593 2035 indifferentem
1622 1990 1762 2035 fuerit
1791 1990 1963 2034 exami-

261 2074 436 2127 natus.)
455 2099 511 2102 —
536 2072 801 2129 Utrumque
825 2071 953 2113 hunc
975 2070 1147 2113 librum
1168 2084 1307 2113 manu
1331 2083 1413 2112 sua
1437 2068 1702 2112 subst‘ribet
1729 2067 1959 2111 Novitius.
2008 2109 2012 2115 ,

261 2150 394 2204 (Usu,
420 2150 455 2205 I,
488 2163 549 2200 iv,
574 2149 615 2192 6.
642 2175 698 2179 ——
724 2149 780 2192 R.
804 2148 866 2191 M.
891 2147 948 2191 N.
980 2148 1076 2203 26.)

317 2283 325 2309 1
350 2283 605 2319 Provincialis
634 2285 761 2329 polest
791 2283 974 2318 ordinare
995 2286 1037 2317 ut
1059 2281 1324 2327 ingredientes
1356 2280 1587 2316 Societatem
1618 2280 1818 2316 ordinarie
1845 2280 1963 2315 ratio-

261 2355 349 2380 nem
380 2343 629 2379 eonscientiae
659 2343 827 2378 reddant
858 2342 1046 2388 Magistro
1079 2341 1338 2378 Novitiorum,
1373 2350 1460 2375 cum
1495 2340 1644 2375 faciunt
1678 2339 1962 2375 confessionem

261 2404 502 2450 generalmm
527 2404 631 2448 quod
653 2403 685 2437 si
708 2402 964 2437 Provincialis
986 2401 1079 2436 velit
1097 2411 1181 2436 eam
1204 2401 1287 2446 ipse
1309 2400 1477 2445 exigere,
1501 2410 1579 2434 non
1602 2402 1737 2445 urgeat
1760 2402 1802 2434 ut
1819 2398 1964 2434 saciant

261 2467 372 2500 extra
403 2463 688 2499 contessionem
714 2473 720 2496 :
747 2461 991 2497 satisfacient
1020 2463 1150 2496 autem
1182 2460 1393 2505 aperiendo
1427 2459 1707 2494 conscientiam
1738 2459 1779 2493 in
1812 2458 1963 2493 confes-

262 2525 371 2560 sione
391 2533 461 2558 nec
481 2522 589 2558 aliud
604 2522 654 2557 ab
675 2522 731 2557 eis
749 2521 986 2566 exigendum
1008 2524 1066 2555 est
1086 2520 1138 2565 (a.
1164 2519 1291 2565 1606).
1309 2519 1412 2553 Nihil
1434 2521 1492 2553 est
1514 2519 1614 2563 quod
1633 2518 1786 2559 novitii,
1811 2517 1964 2553 reddita

262 2583 413 2619 ratione
443 2581 692 2617 conscientia¹
714 2581 760 2615 de
781 2580 862 2615 vita
884 2580 1081 2625 przeterila
1114 2579 1302 2624 Magistro
1325 2578 1583 2619 Novium-um,
1618 2578 1734 2622 idque
1755 2577 1795 2612 in
1814 2577 1963 2612 confes-

263 2644 371 2679 sione
403 2641 592 2686 generali,
632 2644 675 2675 ut
705 2649 800 2675 usus
831 2640 963 2681 habet,
997 2639 1139 2673 iterum
1171 2637 1283 2673 alteri
1317 2637 1515 2682 Superiori
1553 2637 1752 2682 pra¹terita
1785 2638 1963 2682 repetant

262 2703 315 2748 (a.
342 2702 457 2744 lass,
484 2700 611 2746 1610).

317 2776 333 2802 <2
355 2779 393 2814 Si
418 2790 506 2814 vero
538 2777 746 2813 Candidati
776 2778 1023 2822 perseverent
1046 2778 1083 2810 et
1110 2777 1198 2810 vota
1229 2775 1424 2809 emittant.
1449 2784 1491 2808 ta
1520 2784 1606 2818 qua*
1638 2774 1687 2808 ab
1717 2773 1815 2818 ipsis
1845 2773 1964 2808 allata

266 2839 421 2873 fuerant
443 2839 490 2872 ad
513 2838 672 2872 domum
695 2836 960 2881 pertinebunt,
990 2847 1004 2868 «
1028 2834 1398 2869 eumecnsenlural)
1422 2833 1468 2868 iis
1486 2833 1617 2867 domui
1642 2833 1779 2867 donari
1799 2835 1836 2867 ut
1854 2832 1963 2867 finito

267 2898 423 2932 biennio
441 2897 564 2942 possit
596 2897 736 2931 domus
758 2896 825 2930 illa
854 2897 1078 2930 convertere
1108 2894 1147 2929 in
1171 2894 1315 2928 bonum
1348 2903 1463 2927 suum
1486 2892 1571 2927 sine
1591 2891 1767 2926 ulteriori
1790 2891 1963 2942 ‹leclaraf

267 2957 370 2992 tione
406 2969 420 2989 ›>
447 2956 500 3002 (a.
528 2956 659 3002 1627).
681 2956 732 2989 De
755 2955 872 2991 rebus
894 2964 985 2989 vero
1006 2953 1166 3000 majoris
1188 2952 1300 2998 pretii
1324 2952 1373 2988 el.
1398 2952 1515 2996 inira,
1542 2952 1580 2986 1¹.
1606 2962 1646 2995 11,
1671 2961 1704 2986 e.
1729 2950 1763 2986 3.

2062 979 2140 1026 litim

2080 823 2096 865 Si
2111 817 2144 876 4111

2063 903 2091 948 nisi
2102 912 2144 939 ivn

2118 1054 2143 1095 111ζ
