2145 3366
800 781 985 838 CAPUT
1023 779 1258 835 PRIMUM

281 1001 346 1036 DE
382 998 657 1040 REQUISITIS
692 997 743 1031 IN
781 994 1080 1032 CANDIDATIS
1115 993 1179 1028 ET
1214 993 1280 1027 DE
1317 991 1494 1026 EORUM
1533 990 1769 1024 EXAMINE

232 1216 266 1260 I.
299 1242 356 1248 -—
384 1216 447 1260 De
473 1212 822 1272 impedimentis
851 1209 1203 1256 essentialibus.
1232 1235 1290 1240 —
1321 1205 1673 1251 Examinandus
1706 1209 1776 1249 est
1803 1205 1884 1263 qui
1938 1217 1954 1243 ‘2

172 1295 219 1339 in
253 1293 531 1337 Societatem
568 1291 751 1335 admitti
788 1288 994 1347 postulat
1028 1287 1180 1345 primo
1216 1286 1406 1345 quidem
1437 1285 1494 1328 de
1532 1283 1883 1341 impedimentis

174 1371 516 1425 essentialibus,
543 1370 698 1427 ipsum
734 1373 868 1412 antea
901 1366 1135 1409 monendo
1167 1379 1215 1408 se
1246 1365 1295 1407 in
1328 1363 1616 1408 conscientia
1647 1361 1796 1406 teneri
1826 1361 1883 1404 ad

173 1450 352 1494 sincere
386 1445 812 1505 respondendum¹.
845 1445 951 1490 Non
981 1448 1136 1488 tamen
1172 1441 1477 1501 proponendo
1519 1454 1571 1485 ea
1602 1445 1655 1485 ut
1687 1439 1885 1498 impedi-

173 1532 344 1572 menta.
371 1526 495 1583 (Ex.‚
521 1538 571 1581 ΙΙ,
599 1524 678 1580 Α.)

225 1642 237 1669 ¹
263 1643 302 1679 Si
330 1644 419 1689 quis
442 1642 609 1678 tacuerit
637 1641 964 1687 impedimentum
992 1638 1216 1681 essentiale,
1240 1636 1393 1673 absolvi
1420 1647 1500 1672 non
1522 1635 1636 1672 debet
1658 1636 1725 1671 sed
1751 1635 1836 1681 cogi
1863 1644 1886 1670 a

173 1703 414 1740 confessario
436 1706 479 1738 ut
500 1702 540 1738 id
561 1705 673 1737 extra
692 1700 980 1736 contessionem
1009 1698 1210 1744 Superiori
1231 1697 1375 1733 revelet
1399 1696 1452 1743 (α.
1477 1696 1608 1742 1571).
1639 1695 1691 1731 De
1712 1705 1887 1731 reserva-

176 1764 280 1800 tione
299 1763 418 1808 hujus
438 1772 553 1797 casus
572 1762 621 1797 cf.
640 1761 746 1796 infra
764 1760 832 1796 uhi
851 1759 895 1796 de
913 1759 1066 1795 casibus
1082 1757 1294 1795 reservatis
1304 1768 1316 1800 ,·
1335 1759 1372 1792 et
1391 1756 1523 1799 Saeua,
1544 1756 1571 1791 l.
1592 1756 1641 1799 ΙΙ,
1658 1765 1691 1791 c.
1710 1765 1767 1797 111,
1785 1765 1826 1791 n.
1844 1755 1882 1798 5,

175 1824 221 1859 de
245 1826 358 1869 pacto
384 1821 549 1868 J'ustitiae
572 1821 677 1867 quod
704 1820 821 1856 tacite
846 1818 1059 1854 intervenit
1079 1818 1130 1854 ad
1152 1818 1356 1853 veritatem
1385 1816 1606 1852 dicendam.
1634 1815 1704 1862 (Cf.
1731 1825 1885 1862 quoque

173 1883 294 1929 Lugo,
319 1883 435 1928 Resp.
461 1891 578 1924 mon,
603 1881 631 1916 l.
656 1881 719 1923 IV,
744 1880 839 1916 dub.
865 1878 910 1914 14
933 1881 969 1914 et
996 1878 1073 1924 16.)

233 2005 281 2049 10
307 2004 382 2048 An
404 2018 429 2047 a
451 2003 629 2062 gremio
648 2002 868 2046 Ecclesiae
897 2001 1144 2045 recesserit
1167 2014 1251 2058 per
1277 1999 1559 2058 apostasiam
1581 1999 1703 2042 inter
1723 1998 1885 2042 infide·
1941 2019 1957 2039 ·.

174 2084 240 2127 les
259 2089 338 2127 aut
361 2096 444 2139 per
460 2081 681 2125 haeresim
702 2080 1078 2137 suspicionemve
1098 2078 1334 2122 haereseos
1352 2077 1555 2136 J'uridice
1578 2076 1884 2121 sententiatus

175 2166 255 2205 aut
290 2175 374 2218 per
406 2159 611 2204 schisma
650 2172 706 2202 ex
739 2172 830 2216 quo
869 2157 1290 2201 excommunicatio
1323 2169 1462 2214 :quae
1499 2160 1658 2199 tamen
1697 2160 1886 2213 peccata

176 2239 267 2283 sint
287 2251 517 2296 personae,
549 2251 643 2280 non
671 2235 894 2294 pat1¹iae‘?¹
923 2236 1044 2294 (Ex,
1070 2249 1121 2291 ΙΙ,
1144 2235 1188 2280 ’1,
1220 2261 1274 2267 -—
1303 2234 1416 2292 Cst.7
1442 2234 1478 2290 Ι,
1503 2247 1572 2290 111,
1601 2234 1645 2290 3,
1670 2233 1724 2278 A.
1750 2233 1825 2290 B.)

228 2353 240 2379 1
274 2368 288 2388 «
320 2354 390 2398 Qui
423 2354 640 2389 daemonem
671 2353 866 2394 adoravit,
897 2353 1076 2398 aliosque
1105 2355 1217 2388 actus
1245 2352 1467 2397 impudicos
1496 2352 1685 2393 exercuit,
1719 2361 1798 2386 non
1828 2354 1886 2386 est

177 2415 447 2450 admittendus
476 2413 554 2448 nisi
585 2423 674 2447 cum
703 2412 890 2448 facultate
920 2413 965 2447 R.
991 2413 1030 2448 P.
1052 2412 1120 2455 N.;
1154 2412 1243 2447 licet
1270 2422 1348 2446 non
1377 2412 1533 2447 videtur
1558 2411 1885 2456 impedimentum

177 2483 262 2509 esse
282 2473 492 2509 essentiale
519 2485 532 2504 »
562 2473 615 2517 (α.
638 2471 769 2517 1621).
794 2472 1021 2517 Abnegasse
1046 2472 1220 2507 exterius
1242 2471 1359 2506 tidem
1386 2471 1426 2506 in
1452 2471 1619 2516 Japonia
1641 2473 1699 2505 est
1720 2470 1885 2514 impedi-

177 2537 351 2569 mentum
368 2534 421 2577 (a.
444 2532 571 2577 1635).
594 2544 609 2565 «
627 2532 854 2577 Abnegasse
870 2532 987 2567 tidem
1006 2532 1146 2567 saltem
1162 2531 1383 2567 extrinsece
1401 2530 1706 2576 seriojudicavit
1722 2529 1766 2565 R.
1782 2529 1822 2564 P.
1837 2529 1882 2565 N.

176 2602 260 2628 esse
280 2593 605 2637 impedimentum
633 2604 647 2624 »
673 2591 726 2636 (a.
756 2590 884 2636 1625).

230 2652 437 2698 Perpensis
467 2651 804 2686 Constitutionum
840 2652 992 2688 veihis.
1027 2652 1080 2686 ita
1115 2651 1258 2686 Suarez
1289 2652 1449 2696 exponit
1483 2651 1808 2696 impedimentum
1839 2650 1886 2685 de

176 2722 253 2757 quo
274 2722 402 2747 sermo
429 2714 487 2746 est
511 2721 518 2745 :
551 2711 583 2745 1⁰
611 2710 762 2745 Sutticit
792 2711 991 2755 apostasia
1012 2721 1099 2756 quie
1121 2711 1244 2756 possit
1266 2711 1440 2756 probari.
1465 2710 1647 2755 quamvis
1672 2719 1749 2744 non
1776 2713 1886 2745 noto-

177 2771 257 2814 ria3
284 2770 495 2805 dummodo
518 2770 567 2804 sit
589 2770 761 2804 exterior
785 2780 873 2805 cum
899 2770 1077 2805 interiori
1099 2770 1323 2815 conjuncta,
1350 2769 1568 2804 formaliter
1588 2772 1623 2804 ct
1648 2769 1816 2814 perfecte
1836 2770 1886 2804 ab

179 2831 313 2865 adulto
333 2829 547 2874 aliquando
569 2829 674 2864 fideli
697 2830 922 2865 commissa.
945 2830 982 2864 ‘2⁰
1002 2830 1183 2872 Haresis,
1206 2833 1248 2865 ut
1269 2830 1430 2864 inducat
1451 2829 1777 2874 impedimentum
1800 2829 1887 2864 irri-

181 2893 283 2931 tans,
304 2889 362 2924 vel
380 2889 465 2934 ejus
486 2888 673 2933 suspicio,
693 2889 806 2924 debet
825 2899 910 2924 esse
930 2899 997 2934 per
1017 2890 1253 2924 sententiam
1274 2889 1472 2935 publicam
1491 2889 1704 2924 declarata.
1723 2888 1766 2923 Et
1781 2889 1885 2924 vide-

182 2953 246 2984 tur
273 2952 364 2983 tunc
390 2948 605 2993 perdurare
626 2951 814 2992 perpetuo
838 2948 1179 2993 impedimentum,
1207 2948 1362 2983 etiamsi
1390 2958 1556 2993 persona
1580 2948 1632 2983 sit
1654 2949 1882 2990 emendata;
