2145 3366
699 277 752 303 m:
784 276 1053 303 rmvmcuus
1085 276 1344 304 sciullirx'rls
1803 268 1881 305 493

169 457 349 496 tantuin
388 453 624 508 portatile.
662 451 845 509 Nempe
882 452 938 495 ad
981 452 1326 510 privilegiatum
1369 453 1513 496 altare
1560 452 1750 505 sufficit,
1798 454 1878 497 sed

168 529 427 573 necessaria
457 535 540 585 est,
575 530 699 573 basis
737 529 1008 584 immobilis,
1043 530 1254 588 quamvis
1283 530 1401 573 sorte
1437 530 1552 588 lapis
1580 536 1879 575 consecratus

166 607 224 650 sit
237 607 422 650 mobilis
437 620 520 650 nec
537 607 799 650 adhaerens.
818 606 1119 664 Privilegium
1136 620 1243 650 vero
1262 612 1374 651 tunc
1391 607 1601 651 adhaeret
1621 621 1715 652 non
1736 608 1879 666 lapidi

166 689 453 732 consecrato,
479 684 559 727 sed
592 684 707 728 basi.
744 684 938 742 Oportet
966 689 1018 728 ut
1039 684 1232 728 ecclesia
1259 684 1329 728 vel
1353 685 1612 728 oratorium
1636 686 1696 729 sit
1713 685 1879 729 saltem

165 761 484 805 benedictum.
524 761 611 817 (Cf.
646 761 887 820 Beringer,
920 761 970 817 l.,
1004 775 1043 805 c.
1074 767 1106 805 t.
1136 775 1168 817 1,
1202 775 1244 819 p.
1294 761 1393 817 446,
1429 776 1474 806 n.
1507 762 1606 820 11.)
1642 763 1690 806 20
1720 762 1880 807 Altera

32 861 47 881 'l
158 839 438 896 personalia.
475 838 748 883 Sacerdotes
781 839 1023 883 Societatis
1056 839 1257 883 ubilibet
1283 839 1574 884 celebrantes
1606 854 1690 898 pro
1723 841 1880 885 anima

28 922 56 961 ’θ’
84 929 99 947 2
165 916 334 960 sodalis
365 915 573 960 defuncti
603 917 683 974 qui
710 922 791 961 aut
817 916 1080 974 adscriptus
1114 916 1202 960 fuit
1237 916 1375 960 alicui
1416 922 1588 961 nostra]
1616 917 1879 977 Congrega-

165 994 277 1037 tioni
304 993 355 1036 B.
383 993 443 1037 M.
468 993 522 1037 V.
554 999 634 1037 aut
656 995 757 1052 ejus
787 993 1103 1052 indulgentias
1126 994 1373 1052 participat
1403 995 1486 1046 (uti
1517 1001 1586 1039 est
1611 996 1803 1052 quilibet
1825 997 1879 1039 (le

163 1070 402 1125 Socz‘etate,
443 1085 484 1114 v.
521 1085 563 1129 g.
597 1072 819 1126 novitius)
855 1071 1023 1129 gaudet
1063 1071 1353 1129 indulgentia
1390 1072 1548 1115 altaris
1584 1072 1875 1131 privilegiati.

159 1147 342 1206 (Comp.
392 1162 435 1191 n.
472 1148 559 1191 350
593 1149 639 1191 in
669 1148 771 1204 fin.)
809 1148 907 1193 Nec
940 1149 1323 1205 praetereundum
1362 1149 1524 1192 eadem
1563 1150 1872 1208 indulgentia,

161 1225 338 1284 absque
366 1225 459 1269 ulla
487 1226 780 1270 restrictione
802 1239 856 1269 ex
878 1231 1008 1283 parte
1033 1225 1258 1282 defuncti,
1288 1226 1495 1284 gaudere
1524 1227 1661 1271 toties
1691 1229 1878 1286 quoties

72 1341 93 1363 u<
162 1308 207 1346 et
233 1303 431 1347 ubilibet
448 1303 669 1359 celebret,
688 1303 767 1361 qui
788 1306 959 1360 actum,
987 1308 1038 1347 ut
1062 1304 1209 1359 aiunt,
1235 1303 1470 1347 heroicum.
1498 1304 1653 1348 favore
1686 1305 1879 1350 defunc-

161 1385 316 1425 torum
339 1382 563 1426 emiserit.

219 1459 364 1503 Porro
393 1460 485 1503 sive
509 1460 567 1504 sit
592 1459 750 1503 localis
772 1459 865 1503 sive
892 1459 1166 1517 personalis,
1188 1459 1482 1518 indulgentia
1509 1460 1667 1505 altaris
1690 1461 1878 1519 privile-

160 1537 269 1595 giati
290 1537 338 1580 in
365 1537 455 1582 hoc
482 1537 693 1582 consistit
719 1543 785 1594 ut,
811 1541 1014 1595 spectato
1046 1551 1134 1581 usu
1162 1536 1364 1582 clavium
1387 1543 1431 1582 et
1450 1544 1606 1583 mente
1634 1538 1877 1584 Pontificis

161 1615 477 1671 concedentis,
520 1615 781 1673 applicetur
814 1629 869 1659 ex
904 1615 1140 1660 thesauris
1181 1615 1404 1661 Ecclesiae
1447 1617 1618 1661 animae
1660 1631 1742 1675 pro
1787 1631 1879 1676 qua

160 1692 441 1749 celebratur,
488 1693 717 1751 quidquid
763 1693 1084 1737 necessarium
1129 1698 1213 1749 est,
1260 1699 1312 1737 ut
1349 1694 1506 1738 statim
1553 1694 1783 1739 liberetur
1819 1697 1876 1741 ab

160 1771 381 1815 omnibus
408 1771 667 1829 purgatorii
696 1771 849 1829 poenis
877 1786 884 1815 :
916 1771 973 1816 de
1001 1771 1121 1815 facto
1155 1777 1313 1816 tamen
1345 1772 1593 1830 applicatio
1626 1787 1875 1818 mensura-

159 1848 287 1893 bitur
315 1850 443 1907 juxta
472 1849 669 1893 liberam
703 1849 870 1893 divinae
902 1849 1237 1894 misericordiae
1268 1851 1655 1908 acceptationem.
1681 1852 1741 1896 At
1769 1852 1876 1910 quia

158 1926 259 1971 haec
291 1926 581 1985 indulgentia
615 1926 836 1971 defuncto
867 1927 1200 1972 transmittitur
1228 1928 1461 1972 mediante
1491 1928 1578 1973 SS.
1615 1928 1871 1985 Sacrificio,

158 2004 338 2048 facilius
367 2010 582 2062 speratur
609 2005 755 2062 ipsius
781 2006 1061 2063 acceptatio,
1095 2019 1197 2062 nec,
1218 2007 1350 2064 Juxta
1378 2020 1697 2063 communem,
1728 2007 1876 2065 appli-

158 2082 275 2126 catio
310 2082 483 2139 pendet
510 2096 535 2126 a
563 2082 951 2140 dispositionibus
985 2083 1205 2127 ministri.
1245 2083 1415 2129 Utrum
1454 2097 1562 2128 vero
1597 2084 1674 2128 ille
1709 2084 1877 2129 debeat

158 2160 322 2203 saltem
357 2173 458 2203 esse
489 2160 537 2203 in
567 2165 689 2204 statu
712 2161 888 2219 gratiae,
918 2160 1070 2205 noluit
1102 2161 1389 2219 respondere
1409 2161 1454 2206 S.
1485 2161 1533 2206 C.
1557 2162 1659 2206 Ind.
1686 2162 1748 2208 Ut
1764 2176 1874 2207 vero

157 2237 444 2294 percipiatur
480 2237 769 2296 indulgentia
811 2238 922 2282 dicti
969 2238 1142 2295 altaris,
1189 2239 1381 2283 omnino
1427 2239 1686 2297 requiritur
1712 2239 1793 2284 :10
1825 2245 1877 2284 ut

158 2314 339 2365 diebus,
366 2315 535 2372 quibus
566 2315 690 2371 licet,
717 2315 1032 2360 adhibeantur
1060 2322 1334 2373 paramenta
1364 2317 1520 2375 nigra;
1553 2317 1734 2361 caeteris
1761 2331 1870 2361 vero

157 2392 246 2435 alia
272 2392 486 2436 adhiberi
508 2398 723 2450 possunt3
747 2393 795 2436 20
822 2399 873 2437 ut
893 2394 1154 2452 applicetur
1180 2393 1473 2452 indulgentia
1494 2394 1561 2437 illi
1591 2395 1775 2451 animae,
1801 2395 1873 2439 vel

160 2471 240 2513 imi
267 2483 322 2513 ex
344 2470 433 2513 illis
460 2470 708 2514 animabus
729 2484 813 2529 pro
842 2471 1014 2530 quibus
1042 2471 1306 2516 celebratur
1330 2486 1338 2514 :
1364 2472 1576 2530 quamvis
1612 2472 1737 2516 enim
1765 2486 1873 2531 pos-

157 2547 216 2591 sit
248 2548 406 2603 offerrz‘
443 2549 587 2592 missa
614 2562 698 2606 pro
729 2548 945 2606 pluribus
980 2549 1259 2593 omnibusve
1295 2549 1544 2606 desunctis,
1574 2550 1872 2608 indulqentia

155 2625 319 2683 nequit
337 2625 558 2683 applicari
581 2626 669 2669 nisi
691 2627 774 2670 uni
793 2626 895 2683 soli,
918 2632 963 2671 et
979 2627 1170 2686 quidem
1194 2641 1278 2685 pro
1301 2641 1409 2686 quo,
1436 2627 1600 2671 saltem
1624 2627 1869 2685 inclusive,

156 2701 433 2747 celebratur.
459 2701 543 2761 (Cf.
568 2702 810 2762 Beringer,
835 2717 880 2762 p.
902 2703 1005 2760 436,
1031 2718 1133 2763 sqq.
1157 2704 1260 2761 453,
1293 2705 1418 2761 sqq.)
