2145 3366
106 1769 158 1795 453

218 263 296 300 :398
938 270 1049 297 PARS
1082 270 1207 297 NoNA

219 450 382 486 ecclesia
405 450 457 496 (a.
487 450 585 485 1636
608 452 645 485 et
666 448 847 496 pluries).
877 448 1039 483 Nonnisi
1061 448 1102 483 in
1123 458 1217 483 casu
1248 449 1419 494 urgenti,
1452 459 1500 484 ex
1533 448 1811 484 Consultorum
1842 459 1928 484 sen-

217 510 356 552 tentia,
382 510 519 545 Rector
539 509 602 554 jus
624 509 838 553 sepulturae
865 507 1048 552 cuiquam
1079 508 1289 543 concedere
1310 510 1452 553 potest,
1476 511 1512 544 et
1534 508 1668 544 statim
1689 508 1739 544 ad
1758 508 1926 544 Genera-

217 569 292 604 lem
315 569 462 604 referre
483 568 596 603 debet
615 567 667 614 (a.
695 566 825 612 1622).
845 567 887 601 In
904 566 1152 601 funeralibus
1168 577 1254 612 quae
1270 566 1370 602 fiunt
1390 567 1432 602 in
1451 567 1599 603 nostris
1620 567 1795 603 ecclesiis
1813 567 1929 603 detur

216 628 400 664 Parochis
423 628 462 662 id
484 627 587 672 quod
618 627 716 672 ipsis
737 636 785 661 ex
804 626 892 671 jure
910 628 980 660 aut
1000 635 1047 661 ex
1075 626 1360 661 consuetudine
1386 627 1573 669 debetur;
1597 627 1637 662 id
1664 629 1796 662 autem
1823 627 1928 671 quod

216 687 329 722 nobis
342 687 491 731 absque
506 696 640 721 eorum
653 684 882 730 praeJ'udieio
895 687 962 719 aut
975 684 1189 720 offensione
1202 685 1366 720 offertur
1377 685 1572 731 acceptari
1584 688 1711 731 potest
1727 686 1779 731 (a.
1794 685 1925 729 1598);

216 746 249 781 si
267 749 399 781 autem
423 745 676 788 contendant,
698 744 916 780 cedendum
937 743 1011 779 erit
1033 743 1086 789 (a.
1114 743 1229 787 1598,
1256 742 1386 790 1636).
1411 744 1468 780 Cf.
1494 754 1615 790 supra
1635 755 1675 780 n.
1699 744 1789 780 330.

269 814 285 841 3
305 818 387 852 Non
409 820 541 852 tamen
572 819 757 851 vetantur
778 815 1007 860 capellania?
1028 825 1074 850 ex
1096 815 1240 860 quibus
1268 815 1420 850 nullam
1450 816 1663 851 utilitatem
1687 816 1925 862 percipimus

216 877 269 922 (a.
300 876 430 922 1603).
468 876 549 910 lmo
579 876 737 920 quando
765 877 858 910 sunt
888 874 938 910 ad
967 874 1277 910 nominationem
1310 875 1513 920 Praepositi
1543 875 1688 911 Domus
1721 875 1920 920 professae,

215 936 399 971 admissae
432 937 539 978 sunt,
561 944 605 969 ea
632 934 856 970 conditione
886 936 929 969 ut
959 933 1139 969 fundatio
1172 934 1385 979 pertineret
1412 934 1461 970 acl
1487 935 1651 970 Domum
1681 934 1924 980 probationis

218 994 270 1040 (a.
299 994 430 1041 1629).

267 1063 284 1090 4
305 1066 527 1111 Antequam
558 1065 831 1110 incorporetur
858 1064 1020 1109 aliquod
1049 1063 1265 1110 Collegium
1286 1068 1467 1100 nostrum
1493 1064 1764 1108 Universitati‚
1789 1064 1925 1100 sedulo

215 1125 470 1171 dispiciendae
492 1127 586 1160 sunt
607 1124 868 1167 conditiones,
892 1133 943 1159 an
963 1123 1150 1159 Instituto
1171 1124 1392 1160 conformes
1410 1124 1491 1159 sint
1512 1122 1565 1171 (a.
1593 1123 1723 1170 1625).

268 1195 284 1220 5
303 1197 386 1231 Non
409 1196 673 1232 admittantur
702 1195 953 1230 haereditates
986 1195 1183 1241 litigiosae,
1210 1205 1300 1230 cum
1330 1195 1505 1241 periculo
1533 1195 1723 1241 perdendi
1750 1195 1926 1231 simulet

216 1256 423 1302 pecuniam
444 1258 480 1291 et
498 1256 642 1291 bonam
665 1254 869 1290 Societatis
889 1254 1035 1289 famam
1057 1253 1205 1299 (1633).

266 1324 283 1351 6
300 1327 382 1362 Νο11
403 1326 650 1362 admittenda
670 1329 730 1361 est
759 1325 939 1361 fundatio
969 1335 1039 1371 pro
1069 1325 1256 1370 praemiis,
1281 1335 1330 1360 ne
1352 1335 1536 1361 successu
1559 1326 1756 1371 temporis,
1782 1326 1926 1362 incom—

214 1387 329 1423 moda
355 1386 446 1422 inde
472 1386 675 1427 oriantur;
698 1385 766 1420 sed
796 1385 928 1430 potius
957 1384 1194 1420 liberalitate
1220 1385 1389 1430 alicujus
1412 1385 1634 1420 Maecenatis
1661 1385 1721 1420 hae
1744 1395 1926 1431 expensae

213 1445 310 1481 fiant
338 1446 390 1491 (a.
427 1445 543 1491 1585)
572 1456 580 1488 ;
614 1445 647 1480 si
678 1447 772 1480 sunt
805 1444 917 1489 parvi
950 1444 1153 1487 momenti,
1187 1444 1414 1490 sumptibus
1446 1443 1609 1490 Collegii
1642 1444 1727 1480 fieri
1759 1448 1925 1490 possunt

213 1505 266 1551 (α.
299 1505 430 1551 1600).
467 1505 555 1540 Haec
584 1504 746 1550 praemia
773 1503 822 1539 iis
850 1514 928 1539 non
956 1504 1104 1539 dantur
1133 1503 1201 1548 qui
1234 1507 1325 1539 ante
1355 1503 1569 1540 solemnem
1603 1504 1924 1540 distributionem

212 1564 382 1611 ingressi
401 1567 495 1600 sunt
516 1564 749 1600 Societatem
771 1563 824 1609 (a.
852 1563 983 1609 1641).
1009 1563 1061 1599 De
1081 1563 1390 1609 obligationibus
1417 1563 1458 1598 in
1481 1563 1713 1600 fundatione
1732 1565 1924 1610 appositis

212 1625 315 1660 circa
334 1624 556 1659 ministeria
577 1623 867 1669 facultatesque
887 1632 1020 1658 sacras
1039 1623 1088 1658 cf.
1113 1623 1153 1658 P.
1174 1633 1217 1666 11,
1239 1633 1272 1658 c.
1297 1622 1334 1666 2,
1361 1633 1402 1658 n.
1424 1621 1488 1659 83.

272 1753 325 1797 V.
361 1779 417 1783 ——
445 1754 615 1797 Eorum
648 1751 846 1797 reditus.
885 1778 942 1782 -
969 1751 1167 1795 Reditus
1200 1750 1488 1795 sufficientes
1519 1751 1576 1795 ad
1607 1752 1844 1809 operarios
1878 1758 1923 1797 et

213 1829 617 1888 proportionatum
631 1842 887 1872 numerum
902 1828 1287 1872 scholasticorum
1298 1827 1489 1871 alendos
1498 1827 1700 1885 Collegia
1718 1828 1922 1873 habeant

213 1906 282 1966 (C.
307 1908 381 1962 G„
408 1907 443 1962 I,
469 1906 540 1950 73.
562 1932 619 1938 --
639 1906 699 1961 II,
723 1905 786 1959 8.)
802 1905 854 1948 Id
874 1911 943 1950 est
955 1906 995 1949 si
1018 1906 1128 1950 solae
1148 1905 1320 1949 scholae
1342 1905 1589 1949 inferiores
1611 1905 1657 1948 in
1678 1906 1790 1963 ipsis
1809 1907 1916 1961 sint,

212 1985 426 2043 triginta,
452 1984 490 2027 si
511 1989 606 2028 tres
628 1983 939 2041 philosophiae
972 1997 1137 2027 cursus
1165 1982 1411 2038 addantur,
1443 1983 1704 2041 sexaginta,
1730 1983 1768 2026 si
1790 1984 1919 2028 theo-

212 2062 362 2120 logiae,
388 2066 579 2105 centum
599 2075 622 2104 e
645 2060 829 2104 Nostris
851 2060 1024 2104 dotatio
1051 2060 1176 2103 alere
1204 2060 1359 2104 debet.
1385 2058 1454 2117 (C.
1479 2060 1552 2116 G.,
1579 2060 1633 2116 V,
1660 2060 1752 2114 69.)
1774 2060 1919 2113 (Nihil

214 2145 368 2183 tamen
398 2152 482 2196 pro
514 2137 814 2195 transalpinis
845 2143 890 2181 et
926 2137 1096 2181 indicis
1126 2137 1402 2195 regionibus
1432 2137 1796 2191 constituitur.)¹
1830 2138 1919 2183 Ubi

211 2230 318 2261 vero
359 2215 632 2274 hujusmodi
672 2215 845 2258 dotatio
882 2215 1028 2270 adest,
1073 2228 1159 2258 nec
1197 2219 1437 2271 petantur,
1482 2228 1569 2258 nec
1612 2215 1920 2260 admittantur

213 2294 520 2351 eleemosynae
536 2292 664 2347 (Cst.,
680 2291 758 2348 IV,
777 2305 828 2347 11,
842 2292 902 2348 6),
922 2292 1011 2335 nisi
1028 2291 1140 2335 levis
1155 2292 1384 2335 momenti
1404 2297 1449 2335 et
1464 2305 1568 2336 raro
1582 2291 1731 2348 (Ord,
1747 2306 1778 2348 I,
1795 2292 1869 2346 14)
1882 2307 1891 2348 ;
1904 2292 1919 2314 ²

213 2376 258 2415 et
290 2371 327 2414 si
364 2370 615 2414 credantur
656 2368 829 2412 intuitu
870 2368 1119 2413 ministerii
1154 2383 1178 2412 a
1220 2368 1494 2426 parentibus
1532 2368 1918 2413 scholasticorum

212 2449 345 2504 datae,
371 2461 465 2491 non
486 2446 792 2490 admittantur
819 2445 969 2489 donec
990 2446 1257 2503 intelligant
1279 2446 1528 2489 donatores
1548 2446 1660 2504 quid
1682 2446 1768 2489 hac
1789 2446 1845 2489 de
1868 2460 1917 2490 re

212 2530 382 2568 nostra-3
410 2523 584 2581 regulae
613 2527 831 2566 statuant.
862 2521 1036 2580 (Hodie
1066 2528 1224 2566 tamen
1249 2522 1307 2566 cf.
1339 2536 1440 2579 sup.
1465 2522 1545 2566 ubi
1568 2522 1624 2565 de
1646 2528 1916 2580 paupertate

213 2616 267 2646 ex
293 2601 468 2659 regula,
494 2600 544 2643 P.
576 2613 626 2655 11,
657 2613 702 2642 n.
727 2598 821 2652 88.)
844 2598 934 2643 Ubi
953 2613 1048 2642 non
1070 2599 1203 2643 adest
1229 2598 1470 2643 sufficiens
1497 2599 1688 2654 dotatio,
1719 2600 1918 2643 eleemo-

213 2692 338 2736 synae
373 2677 553 2721 admitti
587 2681 800 2733 possunt,
840 2689 934 2719 non
972 2690 1080 2719 vero
1108 2676 1218 2733 peti,
1257 2676 1347 2719 nisi
1383 2676 1431 2719 in
1465 2689 1575 2719 casu
1609 2677 1913 2721 necessitatis.

213 2756 342 2811 (Cst.,
373 2755 449 2810 IV,
481 2767 530 2809 11,
561 2754 629 2807 (1),
665 2753 703 2796 si
739 2766 848 2796 vero
883 2752 930 2795 in
966 2752 1135 2796 talibus
1166 2752 1384 2811 Collegiis
1418 2752 1576 2797 Nostri
1610 2767 1705 2796 non
1739 2753 1911 2811 legant,

216 2847 299 2875 noc
320 2831 619 2874 scholasticos
647 2829 785 2881 alant,
809 2829 856 2871 in
877 2843 1020 2873 manu
1042 2830 1239 2887 alicujus
1268 2829 1467 2886 publica}
1494 2843 1706 2886 personae
1733 2830 1914 2875 fructus

215 2912 563 2961 conserventur,
589 2907 740 2950 donec
760 2906 969 2950 fundatio
992 2906 1307 2964 compleatur,
1332 2906 1490 2951 Nostri
1509 2907 1697 2950 interim
1717 2922 1771 2950 ex
1794 2907 1913 2951 6166-

217 2985 422 3042 inosynis
445 2985 611 3027 vivant.
643 2982 711 3039 (C.
738 2983 813 3039 G.,
839 2983 897 3040 II,
923 2983 1015 3038 71.)

2083 998 2123 1023 oret
2143 997 2145 1018 ε

2075 1049 2110 1083 11ὲῖιῖ
2119 1057 2145 1090 “eg

2078 1107 2123 1143 fond*
2135 1106 2145 1139 i(

2074 1178 2112 1203 rum
2125 1177 2141 1199 1.

2081 1231 2118 1263 atos
2134 1238 2143 1259 u

2084 1288 2094 1322 b
2102 1298 2119 1321 re
2133 1299 2141 1319 11

2073 1348 2123 1382 licere
2135 1376 2138 1381 .

2081 1418 2101 1442 ur
2112 1418 2125 1441 rr·
2132 1406 2143 1436 iv

2071 1467 2145 1501 exleult

2081 1538 2110 1562 are
2121 1540 2123 1557 r
2134 1538 2145 1562 u

2071 1587 2145 1622 enflad(

2096 1656 2102 1681 ἶ
2113 1659 2132 1694 m

2071 1718 2118 1753 Echo
2128 1730 2145 1754 a<
