2145 3366
128 2090 180 2117 448

212 214 291 252 394
908 224 1018 253 PARS
1050 225 1229 254 OCTAVA

266 399 283 427 ‘2
307 416 321 436 «
347 403 555 439 L'examen
577 403 629 439 ad
647 403 817 450 gradum
847 404 928 440 doit
962 405 1212 440 absolument
1239 405 1473 441 001110111113
1494 403 1754 452 philosophie,
1785 407 1919 453 physi-

213 473 289 508 que
306 466 343 499 et
365 464 569 509 theologie.
604 464 674 498 Les
703 464 999 499 examinateurs
1036 468 1123 499 sont
1154 465 1275 500 libres
1297 465 1344 500 de
1366 475 1408 500 se
1429 465 1576 500 choisir
1602 466 1658 501 les
1689 466 1820 511 points
1851 476 1920 501 sur

213 522 385 568 lesquels
406 523 455 558 ils
474 523 631 558 veulent
652 526 908 569 argumenter
930 535 937 558 1
961 523 1062 558 mais
1080 524 1107 558 il
1129 524 1309 559 s'entend
1333 524 1430 570 qu’il
1450 524 1552 560 n'est
1572 535 1643 570 pas
1662 525 1714 560 du
1735 528 1819 560 tout
1836 535 1921 571 per—

215 582 290 617 mis
315 582 362 618 de
380 592 420 617 se
441 585 642 618 concerter
671 592 741 617 sur
770 583 861 618 telle
882 593 931 618 ou
951 583 1044 618 telle
1073 583 1200 629 partie
1221 584 1241 618 3
1263 586 1442 619 011101110.
1474 583 1514 620 Si
1541 584 1642 620 donc
1670 595 1742 630 par
1774 585 1921 620 hasard

214 641 430 687 quelqu'un
457 641 521 677 n’a
551 651 622 687 pas
651 643 712 677 ete
738 642 921 677 examine
951 652 1020 678 sur
1053 643 1223 688 quelque
1252 643 1376 689 point,
1407 643 1501 679 c’est
1531 653 1624 679 sans
1655 645 1922 689 consequence

215 710 314 746 pour
333 701 433 737 celui
455 701 521 746 qui
540 711 562 736 a
583 702 642 736 ete
663 701 857 737 examine.
891 701 990 737 Mais
1020 712 1119 747 pour
1143 703 1277 738 obvier
1296 704 1316 738 3
1339 705 1423 738 10111
1442 703 1720 738 inconvenient
1737 706 1774 738 et
1795 704 1816 738 3
1837 705 1922 738 10111

215 761 399 806 scrupule
419 761 466 796 de
487 761 524 796 13
544 763 632 806 part
664 760 731 796 des
764 761 1074 804 examinateurs‚
1099 762 1127 796 il
1149 765 1207 797 est
1236 762 1457 798 necessaire
1478 772 1554 808 que
1582 763 1617 798 le
1646 763 1847 808 president
1868 762 1923 797 ait

215 820 299 855 soin
327 820 548 866 qu'aucune
578 820 646 855 des
680 820 779 855 trois
807 820 956 865 parties
977 821 1025 856 de
1046 821 1240 856 l'examen
1268 831 1316 856 ne
1344 822 1420 857 soit
1453 822 1612 864 exclue3
1636 832 1702 857 car
1729 824 1923 857 comment

214 883 461 927 pourrait-on
479 883 592 928 juger
613 893 705 918 sous
728 886 900 918 serment
923 884 969 918 de
990 883 1027 918 13
1050 884 1255 929 capacite?
1281 897 1295 917 »
1323 883 1364 931 (f.
1395 884 1441 920 15
1463 885 1534 930 J'ul.
1563 884 1698 931 1833.)

266 947 281 974 3
302 950 474 986 Examen
495 952 567 987 hoc
587 961 676 986 raro
698 952 955 997 repetendum
976 954 1049 994 est,
1074 962 1145 987 nec
1166 952 1243 987 nisi
1265 952 1331 987 ubi
1353 953 1502 998 absque
1523 952 1719 998 injustitia
1741 962 1818 987 non
1835 962 1922 997 pos-

214 1013 271 1046 set
293 1011 428 1056 negari
449 1010 505 1057 (a.
534 1010 666 1057 1625).
691 1011 723 1046 A
745 1011 827 1047 solo
848 1011 1030 1047 Generali
1052 1011 1091 1046 id
1120 1011 1280 1047 concedi
1302 1014 1444 1057 potest,
1468 1012 1585 1047 etiam
1606 1012 1647 1047 in
1672 1011 1923 1047 examinibus

214 1070 359 1105 annuis
384 1069 439 1116 (a.
467 1070 583 1117 1621,
607 1069 746 1117 1654);
770 1080 841 1106 nec
863 1071 1017 1116 abipso
1051 1071 1210 1106 subdito
1240 1070 1450 1116 postulari,
1476 1071 1544 1106 sed
1566 1081 1587 1106 a
1608 1070 1858 1113 Provinciali,
1882 1080 1923 1105 re

214 1138 302 1164 cum
324 1128 626 1165 Consultoribus
648 1129 827 1165 discussa
846 1129 900 1177 (9.
927 1129 1060 1176 1836).
1084 1129 1385 1166 Concedendum
1406 1130 1493 1175 jure
1511 1130 1669 1165 videtur
1688 1129 1746 1164 illi
1768 1129 1835 1175 qui
1854 1139 1923 1175 per

214 1188 341 1224 officia
361 1199 383 1224 3
402 1189 681 1234 Superioribus
710 1189 910 1235 imposita,
940 1192 1114 1235 tempore
1143 1189 1384 1233 studiorum,
1416 1189 1630 1235 impeditus
1655 1189 1771 1224 111113
1792 1189 1923 1224 debito

214 1248 390 1293 proiectu
420 1247 476 1295 (a.
511 1247 653 1295 1637);
686 1248 780 1284 item
809 1249 843 1284 ei
873 1249 956 1294 qui,
986 1251 1162 1294 tempore
1192 1249 1432 1292 studiorum,
1467 1249 1602 1285 debuit
1634 1258 1721 1284 esse
1748 1247 1923 1284 Praelecti

215 1306 351 1343 Socius
372 1308 433 1343 vel
451 1308 633 1343 Minister
654 1307 709 1355 (a.
737 1308 870 1356 1640).

268 1367 549 1414 Praeparationi
571 1368 620 1403 ad
642 1368 860 1404 secundum
881 1378 1046 1404 examen
1067 1368 1227 1403 concedi
1248 1368 1375 1403 solent
1396 1368 1474 1403 duo
1495 1377 1650 1403 menses
1672 1366 1727 1413 (a.
1752 1365 1883 1413 1634).

269 1427 429 1473 Semper
461 1427 541 1462 sint
571 1428 612 1463 in
645 1427 717 1463 hoc
747 1428 919 1464 secundo
952 1427 1133 1463 examine
1159 1427 1278 1463 iidem
1306 1428 1596 1463 examinatores
1618 1427 1684 1473 qui
1705 1426 1831 1472 prius,
1855 1435 1925 1461 nec

216 1490 420 1523 mutentur
440 1487 564 1522 inscio
586 1487 768 1523 Generali
790 1485 840 1535 (a.
868 1486 1001 1535 1633).

269 1546 575 1582 Commendatur
605 1547 842 1582 Provinciali
864 1550 906 1582 ut
932 1547 1062 1582 theses
1094 1557 1165 1593 pro
1194 1547 1376 1582 examine
1398 1546 1448 1582 ad
1468 1546 1635 1592 gradum
1669 1556 1748 1581 non
1781 1545 1924 1581 dentur

216 1609 307 1642 ante
327 1605 475 1642 Pascha
499 1617 507 1641 :
533 1606 600 1651 qui
621 1608 751 1642 autem
772 1616 839 1642 eas
858 1609 1094 1652 acceperunt
1116 1606 1279 1652 cogendi
1297 1615 1377 1641 non
1396 1608 1489 1641 sunt
1510 1607 1554 1641 ut
1575 1605 1719 1640 50110115
1738 1605 1924 1640 intersint

216 1664 369 1712 (1844).

271 1725 310 1761 Si
330 1726 434 1771 quis,
458 1726 507 1762 ob
529 1726 725 1767 morbum,
748 1726 796 1761 ab
818 1726 1000 1761 examine
1021 1729 1109 1771 post
1130 1728 1299 1771 quatuor
1321 1734 1475 1760 menses
1494 1725 1699 1760 subeundo
1716 1723 1924 1769 impedire-

217 1788 296 1828 tur,
320 1785 463 1821 debent
484 1785 560 1831 ipsi
580 1795 694 1820 novae
715 1785 846 1820 theses
868 1785 970 1820 tradi
994 1784 1049 1831 (a.
1079 1785 1210 1831 1659).
1236 1785 1275 1820 Si
1297 1788 1429 1820 tamen
1456 1794 1571 1819 casus
1601 1784 1710 1819 aliud
1731 1784 1921 1828 requirat,

217 1845 447 1880 consulatur
468 1844 685 1880 Generalis.
710 1845 824 1880 Anno
852 1844 964 1887 1658,
990 1844 1046 1891 (ιι)
1068 1855 1301 1890 responsum
1325 1844 1452 1879 1110131
1473 1843 1597 1879 Rhen.
1622 1843 1696 1878 1111.
1721 1843 1754 1878 51
1775 1843 1823 1878 ad
1846 1845 1924 1877 tres

217 1907 285 1940 aut
306 1905 405 1940 duas
424 1904 706 1947 hebdomadas,
725 1905 831 1940 ultra
847 1914 1005 1940 menses
1024 1907 1209 1949 quatuor,
1231 1904 1502 1950 impediretur,
1521 1913 1600 1938 non
1630 1902 1782 1938 dandas
1802 1911 1925 1937 novas

218 1964 348 2000 theses
369 1964 436 2000 sed
454 1964 628 2010 epicheia
649 1964 854 1999 utendum.

279 2075 360 2119 ΠΙ.
386 2101 443 2106 -
471 2074 706 2132 Suffragia
733 2074 789 2118 ad
812 2074 1169 2130 Provincialem,
1197 2073 1363 2117 litteris
1395 2074 1482 2116 soli
1508 2072 1762 2130 inscriptis,
1793 2076 1838 2115 et
1866 2070 1923 2115 ad

218 2153 495 2197 Generalem
521 2151 747 2196 mittenda
782 2157 904 2196 sunt.
935 2151 1241 2194 Provincialis
1270 2151 1317 2193 in
1340 2150 1458 2193 libro
1481 2149 1656 2193 scribet
1683 2147 1925 2206 suffragio—

219 2244 325 2273 rum
350 2244 620 2286 numerum,
653 2230 791 2273 tacito
814 2229 1186 2272 examinatorum
1212 2228 1419 2283 nomine,
1435 2226 1560 2285 quod
1583 2227 1722 2270 etiam
1743 2239 1768 2268 a
1792 2225 1924 2269 Socio

219 2308 424 2366 ignorari
446 2307 605 2362 debet,
637 2312 682 2351 et
709 2306 1081 2350 examinatorum
1108 2305 1285 2348 litteras
1308 2303 1596 2348 comburet¹.
1629 2303 1698 2359 (C.
1724 2303 1798 2358 G.,
1821 2302 1920 2358 VII,

217 2384 290 2428 97.
318 2411 375 2415 ——
395 2384 493 2440 Or.,
518 2397 650 2439 XVIII,
671 2383 715 2438 3,
738 2383 811 2427 12.
838 2408 895 2413 -—
924 2382 1036 2438 Ins.,
1060 2382 1183 2437 XIX,
1208 2382 1271 2433 2.)
1302 2381 1583 2439 Sustragium
1616 2379 1842 2435 dandum,
1874 2393 1922 2422 re

220 2461 419 2505 Domino
457 2461 808 2516 commendata,
849 2474 943 2502 non
983 2460 1029 2502 111
1069 2459 1425 2502 consultatione.
1466 2484 1523 2489 —
1566 2457 1612 2500 Si
1652 2456 1923 2500 candidatus

222 2552 491 2581 mensuram
523 2552 616 2581 non
648 2543 892 2581 assecutus
927 2542 1010 2592 est,
1046 2537 1125 2579 sed
1164 2541 1318 2580 tamen
1357 2535 1725 2579 mediocritatem
1757 2533 1921 2591 attigit,

221 2616 265 2658 id
295 2615 512 2659 distincte
539 2616 845 2673 exprimatur.
870 2614 987 2670 (012,
1013 2627 1144 2668 xviii,
1168 2614 1211 2669 3,
1238 2628 1283 2656 11.
1305 2613 1348 2669 4,
1369 2613 1433 2666 5.)

274 2722 285 2748 1
310 2725 424 2759 Libro
455 2724 711 2760 Provincialis
738 2725 852 2760 debet
887 2723 1021 2758 haberi
1044 2723 1141 2758 fides
1168 2723 1326 2768 quando
1354 2722 1525 2767 amplius
1560 2731 1635 2756 11011
1667 2720 1926 2756 111νο11111111111·

222 2784 409 2827 suffragia
432 2784 575 2829 scripta
599 2784 651 2829 ((1.
676 2783 801 2829 1641),
819 2783 915 2818 Cum
933 2783 1256 2817 Examinatorum
1280 2782 1439 2816 nomina
1467 2781 1516 2816 ab
1540 2781 1724 2816 omnibus
1745 2778 1924 2824 cognosci

222 2843 387 2887 possint,
408 2843 572 2879 tolerari
588 2846 715 2888 potest
736 2842 976 2878 consuetudo
995 2842 1076 2876 haec
1094 2842 1254 2876 nomina
1273 2840 1530 2876 Provincialis
1545 2840 1645 2874 libro
1666 2838 1922 2879 inscribendi,

223 2902 433 2937 dummodo
457 2905 658 2937 taceantur
677 2901 865 2947 sulii-agia
890 2911 911 2936 a
936 2900 1105 2946 singulis
1130 2901 1235 2936 data.
1261 2900 1318 2945 (P.
1342 2901 1386 2934 A.
1408 2899 1457 2934 ad
1480 2899 1516 2935 P.
1545 2898 1737 2940 Ramiere,
1765 2897 1809 2932 10
1832 2896 1923 2932 maii

226 2959 360 3004 1881.)

2083 1008 2145 1047 Deli

2018 1960 2021 1964 Ι
2079 1968 2141 2012 insili

2078 2044 2141 2090 Seru

2079 2122 2113 2169 lt.
2126 2139 2145 2169 1]

2078 2214 2142 2247 norm

2078 2291 2145 2339 (11111111

2076 2489 2116 2532 5111)
2135 2512 2145 2543 ζ
