2145 3366
103 2129 156 2156 109

214 253 292 292 ‘154
913 268 1023 296 runs
1056 268 1219 297 TERTIA

214 444 367 480 dicatur
394 450 671 492 promoveatur
701 448 847 493 praevia
878 448 1093 483 monitione
1124 448 1175 494 (a.
1204 447 1334 495 1620),
1364 451 1459 485 tune
1488 450 1594 485 enim
1625 460 1669 486 ea
1696 450 1919 487 conditione

214 504 374 549 impleta
398 507 618 551 promoveri
639 510 766 553 potest
793 508 845 553 (11.
870 507 1001 553 1620).

267 564 444 601 Invalida
475 569 605 601 autem
633 569 736 602 esset
767 568 959 602 Prolessio
990 568 1023 602 si
1051 568 1297 602 emitteretur
1324 568 1473 614 absque
1499 569 1793 605 conditionibus
1819 580 1918 615 quas

213 625 392 669 apposuit
425 626 464 660 P.
490 626 708 669 Generalis,
740 630 783 662 ut
811 637 847 662 v.
879 637 915 672 g.
951 627 1217 672 preemittatur
1255 637 1419 663 examen
1448 632 1500 674 (α.
1529 628 1659 674 1621).
1693 631 1735 664 ut
1765 639 1917 674 promo-

213 684 364 719 vendus
387 685 503 720 sciret
524 685 701 731 linguam
723 686 895 721 indicam
919 686 970 731 (a.
997 685 1126 731 1649).

268 743 445 780 Invalida
476 745 569 779 item
600 748 702 780 esset
730 745 763 780 si
785 745 1002 782 Generalis,
1031 745 1193 780 credens
1228 755 1296 791 per
1327 756 1499 781 errorem
1530 746 1734 782 subditum
1765 750 1919 783 aetatem

213 812 290 837 non
313 803 470 846 habere,
495 807 561 839 aut
583 814 746 839 examen
769 814 856 839 cum
880 804 996 839 laude
1014 815 1092 839 non
1114 805 1298 847 subiisse,
1324 805 1585 841 differendum
1606 816 1695 842 eum
1716 816 1801 842 esse
1817 806 1919 852 judi-

213 865 354 904 casset‚
378 863 489 908 isque
517 864 601 898 sine
630 864 706 898 alio
737 864 787 899 ad
816 864 1045 899 Generalem
1075 874 1237 899 recursu
1267 864 1526 900 nihilominus
1548 868 1752 911 promotus
1781 865 1920 901 fuisset

213 921 266 966 (a.
291 922 542 960 1650-1652).
565 923 638 958 Sed
661 923 922 958 dissimulans
946 924 1041 958 scite
1058 934 1229 959 errorem
1244 934 1323 959 non
1341 925 1455 960 abeat
1475 925 1696 970 impunitus
1716 925 1768 971 (a.
1789 925 1917 971 1630).

267 981 337 1025 Qui
359 985 566 1027 postquam
590 983 790 1018 admissus
812 986 916 1018 esset
934 993 955 1018 a
974 983 1086 1018 Patre
1104 983 1243 1019 Nostro
1264 983 1414 1029 lepram
1433 984 1695 1026 contraheret,
1719 995 1797 1020 non
1818 987 1921 1020 esset

213 1042 505 1086 promovendus
531 1042 607 1077 nisi
636 1045 856 1081 curaretur,
893 1043 941 1077 011
983 1043 1092 1078 varia
1124 1043 1372 1079 incommoda
1400 1043 1452 1089 (a.
1481 1042 1613 1093 1637).
1654 1044 1759 1079 Idem
1790 1045 1919 1080 dicen-

214 1101 305 1135 dum
327 1101 373 1135 de
394 1111 437 1136 eo
459 1101 525 1147 qui
547 1112 705 1147 gravem
728 1102 884 1147 culpam
905 1105 992 1148 post
1014 1103 1209 1138 decretam
1240 1103 1325 1148 ejus
1352 1103 1637 1138 Professionem
1659 1104 1921 1140 commisisset

214 1159 265 1205 (11.
298 1160 423 1206 1666).

266 1219 306 1254 C.
333 1220 376 1255 G.
402 1221 469 1255 XII
499 1220 632 1266 (1682)
662 1222 800 1256 statuit
823 1222 1090 1266 praefixionem
1118 1222 1195 1257 diei
1223 1222 1512 1258 Purificationis
1539 1225 1607 1258 aut
1627 1222 1922 1268 Assumptionis

212 1289 290 1314 non
317 1280 511 1324 pertinere
542 1281 591 1315 ad
621 1281 882 1316 validitatem.
918 1282 1017 1327 Ergo
1047 1282 1189 1327 poterit
1214 1282 1417 1317 Generalis
1446 1282 1543 1317 alios
1574 1282 1656 1317 dies
1686 1282 1887 1328 przefigere
1912 1294 1918 1317 :

212 1339 290 1374 imo
318 1340 438 1374 alium
468 1340 569 1375 diem
593 1350 710 1385 quam
740 1341 809 1375 lios
831 1342 929 1375 duos
959 1341 1167 1386 designare
1189 1342 1329 1386 polerit
1352 1342 1434 1386 ipse
1455 1341 1726 1384 Provincialis,
1752 1342 1798 1383 si,
1824 1342 1921 1377 citra

212 1399 382 1444 culpam,
408 1400 517 1434 adest
547 1400 681 1444 graviS
716 1401 830 1443 ratio,
861 1404 928 1436 aut
956 1401 1089 1440 etiam,
1120 1401 1230 1436 nulla
1261 1401 1338 1436 alia
1371 1404 1501 1436 stante
1531 1401 1696 1442 ratione,
1721 1401 1753 1436 si
1781 1401 1922 1436 litterae

211 1458 467 1494 admissionis
498 1459 624 1494 serius
651 1460 885 1495 advenerint
907 1470 1025 1505 quam
1055 1464 1095 1495 ut
1124 1461 1329 1505 designato
1356 1460 1617 1495 communiter
1643 1461 1704 1495 die
1729 1461 1922 1496 Proiessio

213 1517 296 1552 fieri
319 1518 455 1563 possit.
479 1518 533 1562 (C.
554 1517 616 1553 G..
636 1518 739 1561 XIII,
759 1519 840 1564 20.)
860 1519 998 1554 [trum
1023 1530 1112 1554 vero
1131 1523 1273 1565 przeter
1294 1520 1364 1555 hos
1385 1529 1500 1555 casus
1521 1520 1644 1565 possit
1666 1520 1922 1555 Provincialis

211 1577 339 1611 valide
371 1577 472 1612 diem
507 1580 675 1619 mutare,
709 1578 880 1613 maxime
914 1579 946 1613 si
978 1579 1050 1613 luit
1081 1589 1102 1614 a
1133 1579 1313 1614 Generali
1345 1579 1596 1624 designatus,
1621 1580 1803 1615 dubitare
1833 1579 1922 1624 quis

212 1637 309 1671 forte
339 1637 495 1682 poterit.
530 1636 631 1672 Sane
663 1637 863 1673 declarata
896 1638 969 1673 fuit
1000 1638 1175 1673 invalida
1196 1639 1392 1674 Protessio
1424 1639 1487 1674 die
1519 1638 1575 1674 sic
1605 1642 1756 1674 mutato
1781 1640 1883 1674 iacta
1911 1650 1918 1674 :

211 1699 249 1731 at
272 1696 370 1731 illud
390 1706 623 1742 responsum
644 1700 703 1732 est
721 1697 815 1732 anni
837 1697 936 1733 16635
957 1698 1024 1743 (a),
1046 1698 1223 1733 anterius
1245 1698 1367 1743 igitur
1388 1697 1689 1744 Congregationi
1710 1698 1779 1733 XII
1801 1708 1921 1744 supra

211 1756 354 1791 citatzr.
374 1756 544 1791 Aliunde
563 1766 624 1791 res
643 1766 664 1791 a
687 1756 889 1792 Generalis
910 1758 1112 1792 voluntate
1131 1758 1287 1803 pendet,
1311 1768 1332 1792 a
1354 1768 1431 1803 qua
1449 1768 1527 1792 non
1546 1758 1806 1793 recedendum
1825 1758 1916 1801 nisi,

210 1816 399 1860 gravibus
432 1816 724 1860 impedimentis
757 1817 1144 1861 supervenientibus,
1175 1820 1279 1852 (ferlo
1310 1817 1496 1862 praesumi
1527 1818 1652 1862 possit
1678 1818 1762 1862 eJ'us
1793 1828 1916 1853 mens.

210 1876 329 1910 Porro
356 1888 369 1907 «
397 1885 506 1910 mens
530 1875 614 1920 ejus
641 1878 699 1910 est
722 1879 764 1910 nt
787 1876 819 1910 si
847 1876 1041 1911 Professio
1069 1877 1131 1911 die
1157 1877 1207 1911 ab
1234 1877 1320 1922 ipso
1345 1876 1423 1911 fixa
1450 1876 1499 1911 ob
1520 1876 1735 1921 improvisa
1756 1876 1919 1922 impedi-

212 1938 342 1970 menta
374 1934 458 1969 tieri
488 1938 670 1979 nequeat,
705 1935 783 1970 alia
817 1935 913 1978 dies,
952 1936 1122 1971 maxime
1156 1936 1245 1971 festi
1280 1938 1347 1971 aut
1382 1935 1598 1978 dominica,
1631 1945 1653 1971 a
1685 1935 1920 1971 Provinciali

212 1994 465 2030 determinari
487 1995 611 2040 possit
637 2007 651 2027 »
677 1994 718 2041 (f.
743 1994 782 2030 P.
808 1995 872 2037 A.,
898 1995 945 2029 23
968 1996 1066 2031 febr.
1092 1995 1222 2040 1832).

271 2122 328 2165 II.
346 2149 402 2152 —
422 2122 532 2168 Quis
559 2135 832 2179 promovere
860 2123 1024 2180 possit.
1048 2150 1105 2154 -α
1127 2123 1336 2167 Potestas
1356 2123 1665 2181 promovendi
1687 2128 1756 2167 est
1776 2137 1920 2181 penes

212 2199 364 2242 solum
399 2199 697 2255 Generalem,
731 2205 809 2243 aut:
842 2201 1080 2243 Vicarium
1115 2200 1392 2245 Generalem
1424 2201 1524 2244 loco
1555 2200 1797 2245 Generalis
1829 2201 1921 2245 vita

210 2277 281 2320 vel
306 2276 455 2320 officio
484 2276 694 2320 defuncti
723 2277 996 2332 suffectuinss,
1022 2279 1102 2336 qui
1130 2292 1232 2322 eam
1258 2277 1391 2321 facile
1420 2278 1553 2333 nulli,
1578 2279 1668 2321 nisi
1696 2279 1743 2321 111
1770 2292 1921 2322 remo-

213 2354 406 2397 tissimis
434 2354 725 2411 regionibus,
757 2354 1004 2412 delegabit.
1033 2355 1164 2411 (cst,
1190 2355 1243 2409 V,
1269 2368 1299 2411 Ι,
1321 2355 1364 2410 2,
1390 2354 1447 2410 C3
1473 2381 1530 2385 —
1552 2355 1606 2410 V,
1631 2368 1682 2411 11,
1709 2355 1752 2410 1,
1776 2354 1838 2411 A;
1863 2381 1920 2387 -

212 2431 290 2475 IX.
321 2431 458 2486 111,s1,
483 2431 613 2475 (1.-
636 2431 683 2475 C.
710 2432 785 2488 G.,
809 2432 913 2488 XII,
937 2432 1030 2486 10.)

271 2532 350 2576 ΙΙΙ.
382 2559 438 2563 -
467 2532 575 2578 Quis
603 2533 950 2578 Professionem
981 2533 1198 2592 excipere
1232 2534 1383 2579 debet.
1420 2559 1472 2565 —
1507 2533 1732 2591 Excipere
1762 2538 1919 2577 autem

212 2610 553 2653 Prosessionein
587 2615 739 2668 potest
770 2611 920 2669 quivis
956 2610 1178 2668 Superior
1211 2616 1289 2655 aut
1315 2611 1557 2655 Professus
1592 2624 1615 2654 a
1643 2609 1920 2654 Provinciali

215 2688 450 2743 delegatus
472 2688 505 2741 ¹3
542 2692 623 2731 aut
657 2689 797 2731 etiam
840 2688 1065 2731 Przelatus
1104 2694 1342 2744 externus,
1378 2690 1459 2732 ubi
1486 2688 1731 2745 Professus
1761 2689 1920 2731 ‘nullus

215 2766 341 2807 adest
378 2764 510 2819 ('Cst.,
543 2764 597 2819 V,
635 2778 666 2819 Ι,
697 2765 769 2821 Β),
810 2770 856 2808 01
892 2766 1144 2809 dummodo
1187 2767 1242 2809 111)
1277 2768 1375 2823 'ipso
1414 2765 1629 2809 Generali
1669 2766 1915 2821 ‹lelcgyetust

215 2842 279 2891 (tl.
300 2842 373 2895 (1.,
398 2842 521 2891 VIII,
546 2841 638 2895 34.)
668 2842 873 2885 Invalida
902 2848 1057 2886 autem
1081 2848 1203 2887 esset
1222 2843 1452 2889 Prot'essio
1481 2843 1528 2885 in
1557 2842 1771 2885 inanibus
1792 2842 1918 2885 Prte-

218 2919 289 2961 1:16
327 2919 518 2962 externi.
556 2920 694 2962 etiam
717 2919 896 2974 Nuntii,
921 2920 1108 2975 emissa,
1145 2920 1223 2963 ubi
1253 2920 1421 2977 aliquis
1442 2919 1685 2963 Professus
1711 2932 1919 2977 praesens

221 3000 354 3038 esset.
390 2994 458 3053 (C.
484 2996 557 3043 (1.,
581 2996 703 3051 VIII,
728 2996 800 3052 32,
832 3001 935 3054 post
962 2997 1109 3041 multa
1140 2990 1363 3056 responsa
1390 2995 1727 3055 Generalium.)
