2145 3366
238 262 316 299 416
958 269 1069 297 mas
1101 269 1227 297 NONA

239 447 486 501 elementa,
523 461 606 504 pro
639 447 866 503 cujiisque
898 446 1102 503 regionis
1134 445 1426 488 necessitate.
1459 445 1543 502 (St.
1578 445 1633 489 R.
1668 446 1804 489 Praef.
1842 446 1940 501 inf.,

239 525 337 569 sch.
368 525 412 579 8,
437 523 574 578 5111.)

298 652 379 695 ΙΙΙ.
396 678 452 682 ——
468 651 700 696 Quomodo
715 650 906 708 juvandi
924 649 1157 707 discipuli.
1176 675 1232 680 —
1249 650 1349 692 Sint
1374 650 1470 693 suis
1488 650 1780 707 temporibus
1796 650 1944 694 deela—

238 730 488 784 mationes,
538 727 899 785 disputationes,
950 727 1213 770 carminum
1262 733 1343 771 aut
1389 727 1697 785 scriptionum
1745 727 1944 785 publicae

238 806 566 864 expositiones,
606 804 883 848 academicae
917 805 1291 860 exercitationes,
1327 805 1631 862 praemiorum
1659 804 1946 849 distributio-

237 898 335 927 nes.
368 884 440 936 (R.
465 883 599 927 Praef.
625 888 671 926 et
693 882 818 926 Pros.
849 882 994 925 schol.
1020 883 1127 938 inf.)

296 961 386 1013 Qui
428 961 533 1005 novi
575 960 824 1015 accedunt,
867 947 1209 1015 examinentur,
1249 965 1294 1004 et
1330 974 1355 1003 a
1394 960 1593 1004 Rectore
1628 974 1741 1004 suus
1775 960 1944 1017 cuique

236 1039 500 1096 assignetur
532 1038 684 1081 locus.
732 1037 901 1082 Nullus
934 1043 1091 1081 autem
1132 1038 1190 1082 ol)
1224 1043 1548 1096 paupertatem
1585 1037 1818 1082 arcendus
1857 1042 1940 1081 est.

237 1116 372 1171 (Cst.,
401 1116 602 1171 IV,x111,
632 1115 676 1169 4,
707 1115 759 1158 Ε.
785 1141 842 1146 -
866 1114 941 1171 IV,
965 1128 1040 1170 xv,
1069 1115 1114 1169 1,
1138 1114 1219 1171 A.)

295 1194 521 1237 Caveatur
560 1206 585 1236 a
619 1192 750 1236 libris
783 1192 1075 1248 inhonestis,
1116 1193 1274 1236 nullus
1313 1193 1405 1236 nisi
1444 1197 1670 1251 purgatus
1705 1192 1945 1250 discipulis

237 1271 447 1316 tradatur
467 1272 504 1326 ³3
538 1285 593 1314 ex
621 1270 884 1314 vernaculis
915 1284 1023 1314 vero
1057 1270 1301 1314 lectissimi
1326 1270 1515 1328 quique.
1540 1270 1672 1313 Pravi
1695 1270 1945 1327 scriptores

236 1349 456 1393 huniandi
480 1363 573 1392 non
601 1354 724 1392 sunt.
750 1348 836 1404 (St.
861 1348 916 1391 R.
942 1348 1097 1403 Prov.,
1127 1347 1199 1392 34.
1224 1374 1281 1379 —
1302 1348 1358 1392 R.
1390 1347 1513 1392 Prof.
1536 1347 1640 1404 inf.,
1669 1347 1768 1404 118.)

295 1427 565 1471 Curandum
601 1431 830 1483 quantum
867 1440 1120 1483 possumus
1156 1431 1210 1469 ut
1245 1426 1529 1470 rhetoricam
1560 1425 1752 1474 audiant
1781 1439 1945 1469 omnes

237 1510 344 1549 ante
366 1504 732 1562 philosophiam.
765 1503 900 1560 (Cst.,
926 1503 1002 1560 IV,
1023 1516 1086 1559 VI,
1110 1503 1153 1547 4.
1184 1530 1242 1535 —
1269 1503 1333 1547 St.
1359 1503 1510 1559 Rect.,
1539 1503 1637 1559 112.)

290 1626 302 1653 1
342 1628 528 1663 Instituto
565 1630 874 1663 consentaneum
909 1637 987 1662 non
1020 1630 1079 1663 est
1113 1630 1156 1662 ut
1191 1627 1304 1673 juxta
1340 1627 1505 1662 Domum
1544 1626 1761 1672 professam
1803 1625 1945 1661 scholae

236 1688 499 1724 instituantur
522 1687 575 1733 (a.
603 1687 733 1733 1639).

288 1756 304 1783 ⁶2
325 1759 381 1794 Cf.
406 1769 526 1805 supra
546 1769 586 1794 n.
610 1758 699 1793 467.

289 1828 304 1854 3
325 1831 548 1876 Optandum
570 1830 685 1865 valde
709 1832 768 1865 est
792 1832 835 1865 ut
856 1830 1057 1865 communi
1079 1829 1374 1865 Provinciarum
1404 1839 1497 1864 cura
1518 1829 1687 1864 edantur
1707 1838 1776 1874 pro
1797 1827 1945 1864 nostris

237 1891 381 1927 scholis
396 1892 576 1925 auctores
593 1889 749 1925 classici
765 1889 902 1925 sedulo
915 1890 1124 1936 expurgati
1141 1892 1177 1925 et
1190 1888 1485 1925 commentariis
1500 1888 1692 1924 illustrati
1705 1887 1753 1934 (b.
1769 1888 1807 1933 †‚
1828 1887 1940 1929 1619,

237 1961 274 1986 α.
306 1950 434 1997 1625).
461 1949 700 1985 Concessum
721 1951 780 1984 est
800 1949 913 1984 Prov.
939 1949 1070 1986 Germ.
1097 1949 1192 1995 Sup.
1215 1949 1255 1984 id
1276 1948 1494 1994 postulanti
1522 1951 1564 1984 ut
1585 1948 1655 1984 fiat
1674 1947 1793 1984 editio
1814 1957 1943 1983 emen—

237 2011 329 2045 data
360 2009 621 2045 celebriorum
655 2009 893 2054 scriptorum
923 2009 1005 2044 sive
1036 2009 1322 2044 Germanorum
1355 2008 1437 2043 sive
1475 2007 1702 2051 Gallorum;
1736 2017 1780 2042 ea
1813 2009 1943 2042 tamen

237 2070 321 2115 lege
343 2072 386 2105 ut
399 2069 500 2104 nihil
519 2069 559 2104 in
581 2069 707 2104 lucem
729 2069 870 2104 edatur
891 2068 968 2104 nisi
988 2071 1197 2114 postquam
1219 2067 1451 2103 Revisorum
1471 2067 1619 2113 judicia
1639 2067 1802 2102 Romam
1822 2066 1943 2101 missa

238 2129 383 2164 fuerint
409 2128 449 2176 (f.
474 2139 564 2164 nov.
593 2127 725 2174 1832).

784 2321 1092 2360 ARTICULUS
1122 2321 1401 2361 SECUNDUS

664 2453 722 2491 De
752 2453 904 2491 scholis
942 2452 1237 2503 superioribus
1280 2451 1511 2489 universim

301 2615 335 2658 I.
372 2641 427 2645 —
459 2614 572 2659 ouid
605 2614 652 2658 in
679 2614 738 2658 iis
767 2613 1041 2658 docendum.
1085 2639 1142 2643 —
1180 2613 1245 2655 De
1287 2612 1361 2654 his
1399 2611 1571 2655 scholis
1605 2610 1650 2653 id
1683 2609 1939 2653 universim

241 2692 330 2735 ‹lici
357 2697 509 2749 potest
531 2692 738 2749 primum
773 2691 896 2735 inter
928 2691 1029 2733 illas
1063 2690 1218 2733 locum
1254 2689 1535 2747 theologiam
1565 2701 1808 2745 occupare,
1840 2691 1939 2730 tum

240 2769 581 2823 scholasticam,
619 2774 716 2811 tum
752 2768 993 2823 moralem,
1037 2773 1137 2810 tum
1171 2767 1433 2825 positivam,
1470 2765 1526 2809 ad
1567 2779 1706 2823 quam
1740 2763 1942 2821 pertinet

241 2846 402 2890 notitia
423 2846 573 2889 Sat-rw
597 2845 866 2902 Scripturae,
895 2858 1128 2888 canonum
1155 2849 1201 2887 et
1220 2843 1428 2887 historia¹
1459 2842 1799 2886 ecclesiasticae.
1822 2841 1937 2897 (Cst,

242 2923 317 2972 lv,
349 2937 428 2978 xii,
461 2924 504 2971 1,
539 2923 610 2978 (21.)
644 2923 768 2967 Usus
801 2923 940 2966 ctiam
969 2922 1164 2965 invaluit
1196 2927 1246 2965 ut
1280 2921 1439 2978 lingua
1469 2920 1687 2963 hebraica
1722 2920 1769 2961 in
1797 2919 1938 2961 hacce

240 3000 456 3043 facultate
481 3000 700 3044 tradatur.
728 3001 811 3055 (St.
843 3000 897 3044 R.
924 2999 1077 3048 Proin,
1100 3000 1167 3054 8.)

2068 1526 2089 1566 in
2102 1524 2145 1580 μζ,

2069 1603 2107 1645 alia,
2125 1618 2140 1641 «ἢ

2069 1696 2143 1724 :afrum

2070 1760 2145 1801 vasli

2070 1837 2144 1881 Lassi«)

2071 1930 2113 1959 llUll
2131 1941 2145 1958 »ι

2018 2008 2022 2012 ’
2071 2001 2144 2053 lampa

2071 2072 2101 2116 ll.
2120 2075 2143 2117 l<

2095 2188 2097 2213 l
2111 2194 2144 2227 ms

2068 2254 2138 2288 externi

2068 2318 2143 2349 animm.
