2145 3366
226 243 304 282 406
948 252 1060 280 PARS
1090 252 1217 280 NONA

225 443 391 468 ruumve
429 443 475 467 ex
515 433 650 468 multis
687 432 919 477 responsis:
948 445 962 465 «
996 432 1180 477 Tempore
1214 431 1252 467 S.
1290 432 1432 477 Ignatii
1476 431 1589 473 1552,
1612 431 1654 466 Ρ.
1685 431 1867 467 Canisius
1894 434 1931 468 et

225 493 264 527 P.
289 493 503 527 (laudanus
524 492 766 536 accipiebant
787 492 992 536 pecuniam
1013 492 1053 526 in
1070 491 1383 536 promotionibus
1403 491 1637 526 academicis
1658 491 1930 526 obvenientem

224 551 335 597 ipsis,
359 561 408 586 ne
428 554 687 596 quererentur
707 551 783 586 DD.
814 551 1037 593 saeculares,
1071 551 1138 586 sed
1167 554 1302 596 postea
1335 561 1419 585 eam
1450 550 1711 586 restituebant
1742 551 1930 595 promotis

225 621 313 645 cum
340 610 611 645 zedilicatione.
636 609 708 655 (Ita
726 610 917 644 Polancus
937 609 979 644 in
998 609 1098 646 Hist.
1124 619 1195 645 ms.
1220 609 1359 646 Societ.
1390 611 1491 652 ἄθεα,
1522 612 1549 645 t.
1578 609 1643 654 ΙΙ.)
1674 609 1856 644 Permisit
1882 610 1932 645 ad

225 673 379 714 tempus
398 669 549 715 Laynez
571 672 612 704 ut
630 669 760 704 Nostri
781 668 950 704 Coloniae
971 669 1191 714 acciperent
1213 669 1398 714 pecunias
1424 679 1446 704 a
1468 669 1728 711 scholasticis,
1759 669 1852 714 quia
1877 669 1932 704 ita

224 729 461 774 permissum
479 728 608 763 tuerat
629 728 808 763 facultati
829 728 989 770 artium,
1015 729 1083 763 sed
1101 731 1235 773 postea
1253 728 1501 773 abrogatum.
1524 728 1712 763 Pecunias
1733 738 1825 763 vero
1845 738 1932 773 quae

224 788 483 833 exigekmtur
504 798 574 833 pro
594 787 858 829 examinibus,
884 787 1185 830 tentaminibus,
1209 787 1549 832 responsionibus,
1568 789 1658 830 etc.,
1679 797 1838 823 necesse
1858 787 1933 822 tuit

224 849 451 893 perantere
472 850 514 882 ut
536 846 666 882 Nostri
687 846 922 891 acciperent,
948 846 1125 891 alioquin
1148 848 1286 892 parata
1309 845 1450 881 fuisset
1470 845 1584 881 nobis
1606 846 1796 891 tragaedia
1826 857 1833 880 :
1864 846 1932 882 sed

225 906 451 942 ordinatum
482 909 524 941 ut
557 916 603 941 ex
636 906 705 941 illa
740 906 905 950 pecunia
945 898 1072 950 primo
1105 907 1330 941 emerentur
1366 905 1529 950 praemia
1562 915 1633 950 pro
1667 905 1929 948 scholasticis,

226 966 366 1001 deinde
388 968 429 1000 ut
451 965 648 1010 reliquum
669 966 831 1001 daretur
852 965 1093 1010 pauperibus
1113 965 1169 1000 ita
1187 967 1229 1000 ut
1250 965 1384 1010 jurare
1405 968 1536 1010 posset
1557 964 1696 1000 Doctor
1716 974 1756 1000 se
1771 965 1870 1000 nihil
1886 975 1933 1000 ex

226 1025 281 1060 eis
299 1024 509 1070 accepisse,
539 1037 553 1057 »
579 1025 632 1067 (a.
657 1024 694 1060 P.
722 1025 849 1067 Natal,
874 1025 914 1059 in
935 1024 1049 1060 Visit.
1076 1024 1225 1067 Germ„
1253 1023 1387 1070 1562.)
1412 1037 1427 1057 «
1458 1023 1542 1059 Non
1563 1024 1736 1069 approbo
1766 1024 1890 1070 accipi
1910 1034 1933 1060 a

226 1084 377 1119 Nostris
395 1084 603 1129 pecuniam
624 1084 813 1129 aliquam,
836 1084 985 1130 jurium
1008 1084 1069 1119 vel
1089 1084 1218 1119 arrhae
1246 1083 1417 1127 nomine,
1439 1093 1528 1119 cum
1557 1086 1839 1129 promoventur
1860 1084 1931 1119 ali-

227 1144 293 1190 qui
314 1144 363 1179 ad
393 1143 556 1189 gradus,
586 1154 751 1189 eamque
772 1144 812 1179 in
835 1153 931 1179 usus
963 1143 1196 1179 domesticos
1231 1139 1422 1178 converti.
1457 1143 1613 1178 Mallem
1644 1143 1743 1178 nihil
1773 1143 1934 1179 omnino

226 1203 480 1238 emolumenti
510 1203 668 1238 admitti
692 1213 715 1238 a
735 1203 887 1238 Nostris
918 1203 959 1238 in
987 1203 1180 1248 ejusmodi
1208 1202 1547 1248 promotionibus;
1580 1203 1684 1248 quod
1713 1205 1750 1237 et
1780 1203 1933 1238 contor—

228 1263 330 1297 mius
351 1265 409 1297 est
432 1262 553 1298 menti
575 1262 613 1298 S.
638 1262 677 1298 P.
699 1262 743 1298 N.
769 1262 882 1308 (Cst.,
899 1263 961 1305 IV,
983 1273 1045 1304 xv,
1072 1273 1111 1297 n.
1138 1263 1174 1305 4,
1199 1265 1235 1297 et
1254 1262 1330 1297 litt.
1356 1263 1428 1307 F.).
1451 1262 1560 1306 Quod
1581 1262 1614 1296 si
1640 1265 1772 1297 tamen
1793 1272 1840 1297 ex
1858 1272 1934 1297 usu

227 1321 446 1357 Academi-<E
472 1321 624 1367 aliquid
646 1322 762 1367 pendi
785 1322 922 1364 soleat,
942 1332 1021 1356 non
1043 1324 1295 1357 convertatur
1316 1321 1357 1356 in
1380 1331 1476 1356 usus
1497 1321 1733 1356 domesticos
1765 1321 1832 1356 sed
1854 1321 1934 1356 dis-

228 1381 428 1416 tribuatur
448 1380 489 1416 in
516 1391 709 1426 pauperes
740 1381 954 1416 studiosos.
980 1380 1088 1424 Quod
1111 1383 1154 1416 ut
1177 1380 1316 1425 majori
1345 1380 1573 1426 integritate
1600 1380 1682 1423 fiat,
1708 1383 1745 1415 et
1766 1379 1935 1416 aedifica—

227 1440 333 1475 tione
362 1440 535 1485 publica,
572 1440 821 1485 deponantur
850 1440 1028 1485 pecuniae
1060 1450 1195 1475 omnes
1225 1439 1420 1485 ejusmodi
1454 1440 1559 1484 apud
1593 1449 1717 1475 unum
1745 1439 1806 1474 vel
1836 1439 1935 1475 duos

228 1499 428 1534 studiosos
447 1499 596 1543 fideles,
621 1500 688 1545 qui
709 1510 756 1534 ex
776 1499 924 1545 J'udicio
944 1499 1218 1534 Protessorum
1240 1499 1289 1534 ad
1311 1509 1408 1544 quos
1428 1499 1730 1535 distributiones
1752 1498 1830 1534 illae
1850 1509 1936 1544 per-

226 1559 369 1601 tinent,
402 1559 633 1604 dispensent
666 1569 731 1594 eas
758 1559 799 1594 in
829 1569 1035 1604 pauperes.
1070 1559 1279 1594 Praemium
1309 1561 1506 1601 nostrum,
1536 1560 1580 1593 ut
1606 1558 1783 1603 loquitur
1810 1558 1852 1604 (l.
1882 1560 1934 1604 c‚)

230 1618 267 1653 S.
292 1618 331 1653 P.
356 1618 399 1653 N.
425 1618 476 1653 sit
497 1618 605 1654 solus
618 1618 798 1654 Christus
815 1618 1003 1653 Dominus
1018 1618 1086 1663 qui
1101 1621 1159 1653 est
1176 1628 1325 1653 merces
1346 1620 1483 1653 nostra
1499 1627 1642 1663 magna
1656 1617 1789 1653 nimis.
1807 1617 1936 1663 Atque

228 1678 268 1713 id
298 1688 386 1713 cum
417 1677 512 1713 alibi
541 1677 621 1723 jam
652 1680 862 1721 statutum,
896 1677 1009 1723 cupio
1042 1688 1197 1723 quoque
1235 1677 1373 1713 induci
1403 1677 1445 1712 in
1474 1677 1720 1712 Provinciam
1748 1677 1882 1713 istam.
1916 1689 1932 1711 »

229 1737 281 1783 (α.
307 1736 329 1772 9
351 1747 439 1773 nov.
469 1736 584 1779 1647,
609 1737 649 1773 P.
674 1737 839 1783 Georgio
870 1737 1063 1783 Metzico.)
1090 1737 1134 1772 Et
1162 1737 1211 1773 ct.
1236 1747 1357 1782 supra
1390 1737 1456 1772 ubi
1486 1737 1533 1772 de
1556 1739 1788 1782 paupertate
1808 1736 1935 1772 Socie-

229 1796 322 1832 tatis
346 1807 393 1832 ex
413 1797 564 1843 regula,
588 1797 629 1832 P.
654 1796 691 1841 2,
713 1807 747 1832 c.
770 1807 812 1832 11.

282 1909 298 1935 3
318 1912 506 1958 Deinceps
527 1912 771 1958 prohibitum
791 1915 850 1948 est
871 1922 919 1948 ne
939 1912 1042 1947 inter
1062 1912 1277 1958 graduatos
1298 1912 1404 1947 ullus
1425 1912 1520 1947 ordo
1540 1911 1791 1957 antiquitatis
1818 1911 1938 1947 habe-

230 1974 351 2013 retur,
376 1972 465 2007 licet
486 1982 565 2007 non
582 1972 797 2018 graduatos
814 1972 1031 2017 praecedere
1052 1975 1212 2017 possent
1234 1971 1286 2017 (a.
1314 1971 1445 2017 1605).

283 2031 374 2066 Vice
404 2031 555 2074 Rector,
589 2031 749 2066 Rectore
776 2032 952 2073 absente,
982 2031 1271 2066 Cancellarium
1299 2031 1340 2066 in
1367 2031 1521 2066 actibus
1549 2029 1718 2075 publicis
1739 2030 1935 2076 praecedat

231 2092 283 2135 (a.
312 2090 441 2136 1593),
463 2090 665 2126 Rectorem
685 2101 776 2125 vero
795 2090 1072 2126 Universitatis
1092 2090 1348 2125 Provincialis
1364 2092 1401 2125 et
1416 2090 1607 2125 Visitator
1627 2099 1699 2124 nec
1716 2090 1936 2135 praecedere

230 2150 387 2193 debent,
411 2149 453 2184 in
473 2150 702 2195 hujusmodi
729 2150 899 2191 actibus,
922 2160 1007 2191 nee,
1037 2152 1173 2185 contra
1197 2150 1258 2184 sui
1289 2149 1404 2184 officii
1432 2148 1682 2195 dignitatem,
1717 2149 1933 2194 subsequi;

230 2209 360 2255 potius
381 2220 428 2244 ex
448 2209 572 2244 altera
602 2211 713 2254 parte
744 2212 812 2244 aut
833 2211 943 2244 extra
973 2209 1152 2244 ordinem
1184 2209 1368 2252 sedeant;
1406 2211 1474 2244 aut
1507 2209 1666 2244 demum
1698 2218 1934 2244 concursum

231 2268 428 2304 declinent
449 2268 500 2314 (a.
530 2267 644 2311 1588,
674 2265 806 2317 1596).

282 2385 299 2411 4
318 2388 481 2423 Etiamsi
508 2388 550 2423 in
575 2390 829 2423 (xternorum
859 2387 1059 2423 academia
1091 2388 1269 2429 doceant,
1304 2387 1430 2423 nostri
1460 2387 1705 2422 Professores
1726 2397 1748 2422 a
1774 2387 1936 2422 Rectore

231 2447 416 2492 pendent,
439 2447 529 2482 licet
549 2447 574 2482 h
593 2457 613 2482 c
633 2457 702 2492 pro
724 2457 795 2482 sua
817 2447 1026 2492 prudentia
1047 2457 1184 2482 cavere
1204 2447 1345 2482 debeat
1366 2457 1415 2482 ne
1432 2446 1527 2492 quid
1549 2446 1663 2481 facile
1683 2448 1832 2481 statuat
1847 2456 1935 2482 con-

231 2509 291 2542 tra
324 2507 482 2541 illorum
517 2506 753 2542 sententiam
774 2506 827 2552 (α.
853 2505 981 2551 1601).
1020 2518 1035 2539 «
1071 2506 1114 2541 In
1142 2506 1364 2541 Academiis
1397 2516 1491 2541 cura
1523 2508 1661 2541 nostra
1692 2505 1882 2551 subJ‘ectis
1917 2518 1930 2538 »

229 2566 472 2601 Professores
493 2566 613 2601 etiam
633 2566 837 2611 theologiae
857 2576 879 2600 a
900 2567 1053 2601 Rectore
1077 2564 1239 2611 Colleqii
1256 2568 1459 2610 tamquam
1482 2565 1657 2600 membra
1678 2575 1701 2600 a
1719 2574 1790 2599 suo
1808 2564 1936 2610 capite

228 2625 282 2660 ita
304 2626 474 2670 pendent
497 2629 539 2660 ut
559 2636 604 2660 eo
621 2625 845 2660 inconsulto
866 2625 997 2660 nullos
1016 2627 1232 2660 conventus
1253 2628 1321 2659 aut
1349 2624 1653 2659 deliberationes
1680 2623 1824 2659 habere
1844 2634 1933 2669 pos-

228 2684 307 2719 sint
327 2687 394 2719 aut
415 2684 567 2729 aliquid
595 2684 724 2719 valide
753 2685 902 2729 absque
932 2684 1057 2729 ipsius
1078 2694 1247 2719 assensu
1277 2684 1507 2725 decernere;
1536 2695 1550 2716 «
1577 2683 1830 2718 conformiter
1852 2685 1933 2718 sta-

232 2746 315 2778 tuto
344 2753 365 2778 a
397 2743 436 2778 P.
461 2743 625 2778 Claudio
658 2743 756 2779 1608
780 2743 881 2778 facto
902 2745 1019 2787 atque
1041 2743 1206 2778 fundato
1232 2743 1272 2778 P.
1298 2743 1360 2785 IV,
1386 2742 1484 2785 Cst.,
1514 2752 1547 2778 c.
1571 2752 1654 2777 xvn
1681 2754 1695 2775 »
1722 2742 1775 2788 (a.
1800 2742 1821 2777 4
1848 2742 1927 2787 ian.

232 2801 346 2844 1644,
377 2803 489 2837 Prov.
519 2803 642 2838 Rhen.
677 2803 803 2847 Sup.).
843 2815 857 2835 «
893 2802 950 2837 lta
979 2802 1099 2837 etiam
1132 2802 1368 2847 rescriptum
1394 2811 1416 2836 a
1443 2802 1513 2837 PP.
1547 2801 1723 2844 Claudio,
1757 2801 1879 2836 Mutio
1913 2813 1929 2834 »

230 2862 282 2905 (ιι.
308 2861 347 2895 P.
373 2861 518 2904 Nickel,
540 2862 646 2896 Rect.
678 2862 879 2907 Pragensi,
909 2861 1036 2906 1654),
1064 2862 1297 2896 Juramenta
1324 2861 1503 2906 praestari
1529 2870 1609 2896 non
1635 2860 1778 2896 debent
1803 2870 1825 2895 a
1851 2859 1928 2896 NN.

226 2920 265 2953 in
288 2920 636 2963 Universitatibus,
660 2921 737 2955 nisi
758 2921 939 2956 addendo
961 2933 975 2952 «
1003 2920 1118 2955 Salvo
1137 2921 1323 2955 limitato
1337 2922 1375 2955 et
1395 2919 1602 2955 obedentia
1630 2918 1885 2964 Superiorum
1911 2931 1926 2952 »

229 2979 282 3022 (α.
310 2978 438 3025 1568).

2054 2893 2089 2937 *lt*
2106 2914 2138 2945 cll

2100 1461 2104 1487 1
2116 1463 2145 1497 1³05

2075 1523 2145 1558 sollirit:

2074 1584 2145 1618 liberas<

2074 1644 2145 1678 Summi(

2074 1704 2104 1748 qui
2116 1714 2145 1748 prs:

2073 1767 2133 1801 carew

2073 1834 2090 1859 a.
2104 1824 2145 1859 1311·

2072 1884 2136 1919 convii·

2097 1952 2104 1979 '²
2115 1956 2135 1990 Hi

2071 2025 2136 2061 exemp

2071 2079 2145 2111 contra·

2070 2133 2134 2171 Societ'
2144 2147 2145 2169 ς

2070 2190 2095 2228 (a.
2110 2196 2141 2231 1111

2069 2258 2094 2288 rel
2105 2257 2145 2289 *ibi

2092 2322 2099 2347 3
2111 2327 2135 2361 111]

2069 2384 2090 2419 cl.
2101 2396 2134 2433 sus

2095 2508 2118 2551 l'.

2075 2597 2121 2631 [1111.

2076 2676 2111 2707 [ιιι]
2125 2669 2142 2706 i‘

2075 2742 2102 2783 ’111
2119 2758 2139 2789 Γῇ

2066 2817 2136 2866 Saltem

2067 2587 2073 2634 (

2066 2666 2073 2703 t

2066 2743 2073 2780 t

2067 2968 2137 3023 Num
