2145 3366
187 273 238 311 81
862 284 972 311 mns-
1006 285 1219 313 snccxnix

183 465 269 510 pias
294 465 516 500 voluntates
545 466 740 510 pertinere
771 465 882 500 unice
911 465 960 499 ad
988 467 1164 499 sanctam
1196 464 1346 500 Sedem.
1377 462 1596 512 (innocent.
1630 467 1715 503 XII.
1746 469 1889 514 Nuper,

184 524 232 559 23
259 525 338 561 dec.
370 523 505 573 1697.)
535 525 585 560 De
614 525 841 560 executione
861 535 952 559 vero
972 534 1107 559 earum
1129 524 1291 559 reddere
1318 525 1511 560 rationem
1542 525 1733 572 Episcopo
1762 527 1892 573 Regu-

179 584 282 619 lares
312 587 508 620 tenentur.
543 581 617 633 (Cf.
646 587 777 619 tamen
805 584 943 625 Zitelli‚
978 583 1201 628 Apparatus
1227 584 1327 628 juris
1361 584 1412 623 Ei,
1438 584 1586 627 Romae,
1615 586 1732 628 1886,
1758 597 1796 632 p.
1824 586 1889 629 72,

180 653 219 678 n.
247 641 326 692 10.)

231 724 247 750 ⁶.)
268 727 495 773 Superiores
514 728 596 763 suis
616 726 785 763 subditis
804 727 897 761 dare
913 728 1078 771 possunt
1093 736 1163 771 pro
1185 728 1318 761 strena
1337 727 1491 763 libellos
1508 728 1562 773 (a.
1587 728 1719 774 1617).
1748 729 1787 765 Si
1812 739 1891 765 non

179 786 337 822 subdito
357 786 507 831 aliquid
525 787 698 829 daretur,
724 787 756 821 is
778 796 799 821 a
818 795 888 821 suo
910 785 1117 829 Superiore
1135 785 1362 821 facultatem
1386 789 1490 832 petet
1512 787 1567 833 (a.
1596 787 1730 834 1625).

235 934 283 975 530
312 933 372 977 Ut
398 934 500 990 quis
528 933 651 976 licite
678 947 726 975 re
748 932 903 990 aliqua
928 933 1190 996 necessaria
1221 937 1302 975 aut
1331 932 1433 976 utili
1460 933 1528 976 uti
1556 934 1706 991 possit
1734 934 1891 992 requi-

178 1011 297 1054 ritur
334 1010 522 1054 licentia
561 1009 848 1067 Superioris,
890 1024 992 1067 quie
1033 1009 1287 1067 aliqnando
1330 1012 1553 1067 praesumi
1592 1017 1772 1068 potest,
1811 1012 1892 1055 sed

178 1088 447 1132 ratiticanda
470 1088 575 1131 est¹.
601 1088 688 1139 Qui
711 1092 872 1130 contra
899 1088 993 1145 agit
1019 1092 1180 1144 peccat
1208 1087 1410 1145 graviter
1438 1089 1508 1131 vel
1539 1088 1717 1146 leviter,
1752 1094 1895 1147 prout

178 1171 430 1223 peccarent
467 1165 544 1208 alii
586 1165 624 1208 si
660 1179 760 1208 rem
803 1165 1015 1222 ejusdem
1054 1165 1220 1208 valoris
1265 1166 1573 1223 surriperent.
1618 1166 1688 1224 (C.
1723 1167 1796 1222 G.,
1832 1166 1886 1222 V,

177 1244 250 1299 50,
285 1243 327 1287 4.
367 1268 415 1274 -
450 1242 548 1298 Or.,
583 1255 644 1298 IV,
678 1242 771 1295 ie.)
812 1242 911 1286 Hoc
954 1247 1221 1299 peccatum,
1261 1243 1298 1286 si
1329 1257 1465 1301 grave
1504 1244 1577 1299 sit,
1623 1249 1694 1287 est
1734 1258 1891 1288 reser-

178 1327 350 1365 vatum.
386 1320 449 1372 (C.
476 1320 550 1375 G.,
580 1319 633 1375 V,
658 1319 730 1363 51.
761 1345 807 1350 —
843 1318 941 1375 Or.,
982 1319 1075 1372 v.)‘²
1115 1320 1381 1364 Facultates
1412 1325 1459 1364 et
1492 1321 1889 1379 dispensationes,

178 1399 225 1441 in
255 1403 528 1456 paupertate
563 1398 841 1455 praesertim,
875 1411 899 1440 a
928 1396 1178 1454 Superiore
1217 1398 1382 1456 majori
1421 1412 1678 1455 concessae,
1714 1400 1888 1457 scripto

179 1475 343 1519 dandae
371 1481 495 1531 sunt,
521 1480 566 1518 et
586 1475 850 1518 minoribus
873 1474 1206 1532 Superioribus
1238 1475 1560 1532 ostendendze,
1592 1477 1707 1534 quin
1733 1482 1892 1521 tamen

180 1553 421 1597 facultates
462 1558 681 1596 oretenus
718 1552 971 1610 impertitae
1012 1552 1246 1597 habendae
1285 1553 1378 1597 sint
1415 1554 1576 1598 irritas.
1611 1553 1658 1597 Si
1694 1554 1892 1598 facultas

181 1630 389 1688 epistolae
422 1630 710 1685 includatur,
746 1630 846 1674 haec
883 1630 1150 1674 excluditur
1181 1644 1206 1674 a
1236 1631 1336 1689 lege
1371 1631 1427 1675 de
1465 1645 1560 1676 non
1592 1632 1892 1676 ostendendis

180 1707 346 1752 litteris
367 1708 673 1765 Superiorum
696 1709 947 1765 majorum.
973 1707 1038 1760 (C.
1068 1708 1337 1772 G.,*XXIII,
1362 1709 1456 1763 39.)
1481 1709 1759 1767 Superiores
1781 1724 1890 1754 vero

181 1786 439 1829 immediati
466 1791 680 1843 possunt,
705 1786 797 1829 nisi
825 1785 881 1829 de
908 1786 998 1830 hoc
1028 1785 1147 1829 facta
1171 1786 1311 1831 fuerit
1336 1787 1548 1845 specialis
1580 1788 1888 1846 dispensatio,

182 1862 381 1907 limitare
422 1864 491 1906 vel
534 1864 673 1907 etiam
713 1863 1002 1920 suspendere
1043 1878 1183 1907 usum
1227 1864 1497 1909 facultatum
1541 1866 1636 1909 suis
1684 1865 1886 1910 subditis

181 1941 384 1996 aliunde,
425 1942 563 1985 etiam
601 1956 626 1984 a
665 1941 883 1985 Gener-ali
920 1942 990 1984 vel
1030 1956 1214 1985 summo
1252 1942 1491 1999 Pontifice,
1533 1957 1884 1988 concessarum.

182 2018 355 2076 (Greg,
379 2019 503 2062 XIII.
533 2019 669 2062 Decet
692 2019 1000 2072 Romanum.)

241 2096 327 2148 Qui
355 2097 511 2140 vivunt
537 2096 585 2139 in
607 2096 899 2154 dispersione
919 2102 1080 2141 contra
1102 2102 1259 2141 votum
1282 2103 1495 2155 peccant,
1522 2099 1559 2142 si
1588 2098 1644 2142 de
1674 2098 1888 2156 pecuniis

182 2186 283 2232 quae
311 2174 423 2231 ipsis
443 2174 757 2232 undequaque
781 2175 1078 2231 proveniunt,
1104 2176 1204 2219 sine
1230 2176 1492 2233 Superioris
1515 2176 1748 2231 facultate,
1767 2190 1886 2234 prae-

181 2257 252 2296 ter
269 2252 530 2295 necessaria
552 2252 607 2294 ad
630 2252 875 2296 honestam
896 2253 1303 2309 sustentationem,
1323 2253 1586 2311 disponant.
1611 2254 1668 2297 Et
1690 2259 1884 2297 tenean-

183 2334 257 2371 tur
283 2329 479 2386 singulis
508 2329 669 2372 saltem
701 2330 837 2373 annis
866 2330 959 2374 dati
982 2336 1027 2373 et
1048 2331 1223 2388 acc-epti
1255 2331 1483 2374 rationem
1514 2331 1791 2374 Provinciali
1815 2331 1886 2374 vel

179 2406 251 2449 eui
270 2407 367 2463 ipse
381 2406 744 2463 demandaverit,
768 2407 962 2451 reddere
980 2422 988 2463 3
1008 2408 1258 2466 eidemque
1272 2409 1393 2466 qnod
1414 2414 1630 2466 superest
1652 2409 1835 2452 tradere
1853 2409 1881 2452 ³.

182 2483 244 2534 (C.
270 2485 343 2537 st,
367 2484 533 2527 XXIII.
565 2484 637 2540 42,
665 2484 758 2536 34.)

234 2607 244 2633 ¹
270 2609 354 2643 lla-c
377 2610 545 2644 maxime
575 2610 791 2654 requiritur
815 2614 855 2645 ut
877 2611 911 2646 is
933 2611 999 2656 qui
1024 2611 1191 2647 discedit
1213 2622 1259 2646 ex
1287 2611 1420 2656 aliquo
1439 2611 1521 2646 loco
1541 2611 1720 2656 quiedam
1753 2622 1884 2647 secum

180 2672 374 2713 asportet3
408 2671 444 2704 et
465 2679 508 2703 ea
530 2670 688 2705 omnino
718 2670 826 2714 prius
856 2671 1062 2706 ostendere
1089 2671 1203 2707 debet
1225 2671 1278 2717 (α.
1309 2671 1437 2717 1597),
1462 2681 1540 2706 non
1567 2671 1740 2716 exceptis
1762 2671 1883 2706 musi—

179 2728 234 2763 cis
256 2728 413 2773 scriptis
441 2734 493 2773 (⁰²-
535 2728 659 2773 15110).
694 2728 878 2774 Superior
908 2733 976 2765 aut
1007 2730 1188 2765 minister
1223 2730 1416 2776 inspicere
1444 2730 1558 2765 debet
1587 2730 1680 2774 quid
1710 2730 1886 2776 proficis-

179 2790 308 2822 centes
338 2796 467 2822 secum
502 2791 702 2832 asportent
734 2788 780 2833 (1).
807 2789 844 2834 †,
891 2789 1014 2828 1606).
1063 2803 1077 2822 «
1113 2790 1437 2832 Constitutiones,
1475 2787 1696 2835 privilegia,
1733 2789 1882 2824 librum

181 2846 472 2882 lixum-diorum.
514 2847 642 2881 bullas
682 2848 766 2882 sine
807 2848 990 2883 facultate
1029 2859 1143 2884 nemo
1182 2859 1314 2884 secum
1349 2849 1542 2884 auferat»
1580 2855 1631 2885 (τι.
1674 2848 1799 2889 1586).
1835 2868 1881 2873 -

182 2918 195 2937 «
232 2906 443 2949 §ligi-antes
464 2906 509 2940 de
531 2906 703 2951 collegiis
724 2907 764 2941 in
787 2907 994 2949 collegium
1014 2917 1091 2943 non
1112 2909 1239 2943 ierant
1261 2919 1393 2944 secum
1413 2907 1722 2953 suppellectilem
1746 2918 1881 2952 super—

179 2965 296 2999 lluam
330 2964 387 2998 vel
420 2965 612 2999 0011051101
648 2979 660 2996 ›·
695 2965 748 3009 (ιι.
789 2966 914 3011 loss-8).
948 2986 1000 2993 —-
1040 2979 1054 3000 α
1082 2967 1155 3001 Nec
1193 2968 1396 3003 remittant
1431 2967 1584 3012 galeros
1617 2966 1676 3002 vel
1706 2967 1828 3012 pileos
1863 2979 1878 3000 »

178 3023 230 3066 (tl.
261 3022 387 3067 11148).

2096 1724 2145 1758 [iltuit

2096 1789 2134 1819 11111
