2145 3366
627 296 720 324 soitl
730 296 885 324 ETA'Fls
919 296 1053 324 lIlCtllM
1063 297 1134 334 EN,
1170 296 1195 324 M
1206 297 1356 325 {mmm

139 475 170 520 l.
190 474 291 529 VII,
316 488 356 518 c.
383 487 413 527 1,
441 486 490 524 11,
516 486 584 517 111.
616 473 977 517 Distieultatibus
1007 487 1114 516 vero
1144 488 1259 531 quas
1282 474 1401 517 forte
1423 474 1469 517 in
1496 474 1593 532 ipsa
1619 475 1847 520 Societate

140 552 344 597 humana
364 550 588 609 fragilitas
611 556 834 606 moveret,
854 556 1083 608 praecavet
1104 550 1378 596 Institutum
1396 552 1444 595 in
1463 552 1576 596 Inst.
1593 552 1649 596 de
1666 553 1845 610 spirit..

139 643 177 674 c.
207 642 269 674 vi.

199 707 251 750 In
280 704 653 750 indifferentium
681 705 829 764 gradu
859 706 1097 749 neminem
1127 706 1245 750 ultra
1274 706 1520 751 biennium
1549 708 1847 753 retinendum

138 784 339 829 decrevit
366 783 415 828 C.
440 784 514 838 G„
541 783 617 839 IV,
641 784 714 827 52.
749 784 884 841 (Regu
912 783 1045 827 Prov.
1068 784 1163 839 (57.)

191 903 203 930 ¹
233 905 435 941 Rationem
468 916 537 941 cur
568 915 645 941 non
678 906 813 941 statim
845 906 913 942 fiat
941 906 1135 942 Professio
1166 909 1254 952 post
1283 907 1519 943 novitiatum
1549 908 1678 944 reddit
1706 909 1849 956 Grego-

139 965 221 1001 rius
251 965 358 1001 XIII.
391 964 625 1002 Ascendente
652 965 817 1001 Domino
830 976 842 1008 ‚·
875 966 967 1011 quia
1000 976 1139 1011 nempe
1174 966 1397 1002 ministeria
1429 967 1634 1003 Societatis
1663 969 1849 1014 proiessae

138 1024 295 1072 propria
326 1024 504 1060 homines
533 1025 742 1070 requirunt
771 1027 855 1060 tum
885 1025 1074 1068 scientiis,
1100 1028 1183 1061 tum
1212 1025 1429 1062 virtutibus
1457 1027 1610 1073 egregie
1638 1029 1846 1072 intinctos,

137 1084 204 1130 qui
232 1083 395 1129 proinde
422 1094 491 1129 per
518 1084 665 1119 multas
697 1084 950 1130 probationes
983 1085 1241 1120 transierunt.
1268 1105 1315 1110 —
1344 1085 1529 1121 Rationes
1557 1097 1648 1122 vero
1675 1098 1744 1123 eur
1770 1098 1849 1123 non

140 1153 273 1179 omnes
303 1143 460 1179 demum
491 1144 541 1178 ad
571 1143 859 1179 Professionem
890 1144 1170 1187 admittantur,
1196 1145 1264 1180 sed
1293 1145 1455 1190 quidam
1486 1146 1740 1192 CoadJutores
1770 1147 1850 1183 sint

138 1213 191 1239 eae
212 1205 304 1238 sunt
328 1213 336 1237 :
365 1202 399 1237 1⁰
420 1202 517 1246 Quia
541 1203 582 1238 in
605 1203 741 1239 multis
763 1203 998 1239 ministeriis
1024 1203 1107 1239 sive
1129 1203 1406 1249 spiritualibus
1434 1206 1517 1241 sive
1547 1207 1847 1252 temporalibus,

138 1262 352 1298 utilissima
374 1264 432 1297 est
453 1272 571 1308 opera
594 1273 730 1299 eorum
752 1263 820 1308 qui
842 1263 952 1299 dotes
974 1263 1217 1299 sufficientes
1239 1274 1318 1299 non
1340 1264 1486 1300 habent
1505 1268 1547 1301 ut
1568 1266 1618 1301 ad
1638 1267 1850 1302 Proiessio-

139 1331 227 1357 nem
245 1321 523 1358 admittantur.
548 1322 584 1357 2⁰
599 1322 696 1366 Quia
714 1323 834 1358 nimis
858 1323 1001 1358 durum
1021 1326 1124 1359 esset
1144 1334 1209 1359 eos
1230 1323 1369 1369 ejicere
1390 1325 1458 1370 qui
1478 1326 1527 1361 ad
1546 1325 1846 1369 Proiessionem‚

138 1383 225 1428 post
244 1391 369 1417 annos
390 1382 652 1427 probationis,
673 1383 755 1428 apti
776 1393 855 1418 non
875 1382 1147 1418 inveniuntur.

189 1455 206 1483 2
226 1459 308 1495 Vox
339 1459 521 1506 Professi,
554 1460 787 1506 simpliciter
816 1461 989 1507 prolata,
1020 1461 1132 1496 audit
1163 1461 1204 1496 in
1235 1461 1421 1498 Instituto
1451 1463 1650 1508 professos
1681 1467 1851 1510 quatuor

139 1521 333 1555 votorum.
364 1519 415 1554 At
447 1519 488 1554 in
518 1519 604 1565 jure
634 1521 834 1556 communi
865 1520 1143 1564 ecclesiastico,
1177 1523 1398 1566 praesertim
1427 1525 1516 1568 post
1546 1523 1798 1569 disciplinam
1828 1535 1850 1560 a

138 1578 204 1614 Pio
222 1578 273 1613 IX
294 1578 514 1622 inductam,
536 1581 619 1615 tum
641 1580 888 1626 coadJ'utores
910 1583 993 1615 tum
1016 1580 1190 1626 religiosi
1212 1581 1339 1616 nostri
1360 1582 1568 1628 approbati
1587 1583 1662 1618 dici
1684 1588 1849 1629 possunt

138 1638 319 1684 professi,
344 1638 492 1675 scilicet
515 1642 696 1676 votorum
718 1640 980 1686 simplicimn3
1002 1643 1039 1675 et
1056 1640 1297 1686 participant
1315 1651 1387 1689 per
1403 1652 1454 1685 se,
1477 1642 1557 1678 nisi
1577 1653 1762 1689 expresse
1781 1647 1849 1680 aut

137 1707 184 1734 ex
216 1700 359 1734 natura
391 1698 446 1734 rei
476 1699 754 1744 excludantur,
785 1699 993 1746 privilegia
1023 1699 1065 1735 in
1095 1700 1180 1745 jure
1210 1702 1409 1736 communi
1427 1702 1616 1747 professis
1646 1714 1842 1740 concessa.

136 1756 207 1804 (Cf.
233 1757 364 1801 Suar.,
389 1758 415 1794 l.
441 1758 506 1803 ΙΙΙ,
532 1769 564 1795 c.
588 1760 643 1806 v.)
