2145 3366
528 276 789 303 luxt'l‘lvllt‘t'As
825 277 1154 305 luctas-{osolulil
1193 278 1281 305 Nus*
1319 279 1624 308 l·'‹›lmlix‘1'‹»nllx1
1864 270 1931 306 iii-⁵)

278 452 286 479 ¹
310 454 494 489 Parentes
516 454 548 489 si
564 454 658 500 quid
676 455 792 490 titulo
814 466 921 500 pura·
938 457 1273 492 11011111101115111111)ι
1291 458 1426 497 velint,
1445 458 1478 492 ei
1495 458 1626 493 domui
1651 459 1711 493 cui
1736 459 1931 495 volueriut

221 514 314 549 (lare
346 517 527 559 possunt.
561 533 612 539 —
642 514 681 550 Si
713 524 803 550 vero
835 515 915 550 lure
947 516 997 551 sit
1029 525 1120 561 pars
1152 516 1351 562 legitima».
1387 516 1598 551 inducendi
1628 521 1720 552 sunt
1752 520 1798 552 :ul
1832 519 1929 554 illusl

219 573 523 619 relinquendum
553 573 757 609 Societatis
777 574 942 610 arbitrio
964 572 1117 624 (16:35).
1153 588 1167 608 «
1204 575 1424 621 Applicatio
1454 576 1720 619 legitimarum
1751 579 1927 613 Fratrum

218 633 448 669 Nostrorum
468 633 518 668 ad
537 636 687 669 certum
710 634 836 669 locum
860 638 928 670 aut
951 645 1083 677 usum,
1108 636 1266 680 quando
1294 634 1514 670 olleruntur
1537 636 1733 673 Societati,
1763 638 1925 682 pertinet

216 693 266 729 ad
287 692 414 728 solum
436 693 680 735 Generffiem,
705 693 771 739 qui
794 697 926 729 tamen
944 704 990 730 ex
1013 694 1184 740 quadam
1213 694 1487 729 convenientia
1511 695 1710 731 ordinarie
1732 696 1810 731 iere
1833 697 1929 731 solet

214 752 352 788 audire
367 752 629 789 Provinciales
644 753 938 798 provinciarum
954 754 995 789 in
1011 754 1156 799 quibus
1173 756 1265 788 sunt
1281 753 1371 795 sita,
1387 754 1619 799 priusquam
1638 754 1726 789 illas
1742 756 1924 800 applicet,

216 816 249 848 et
291 812 581 848 exsecutionem
621 812 702 848 illis
738 813 996 849 committere.
1038 813 1084 848 Ut
1116 816 1262 855 autem,
1300 816 1442 858 przeter
1478 813 1777 856 Provincialem,
1811 815 1927 849 etiam

216 872 385 908 aliorum
411 871 558 917 judicia
588 872 863 918 exquirantur,
897 873 958 908 vel
986 875 1029 908 ut
1057 872 1255 907 exsecutio
1286 872 1375 907 aliis
1405 873 1523 908 etiam
1555 873 1839 915 committatur,
1871 878 1929 909 est

216 931 372 967 novitas
384 941 502 977 quam
518 931 701 977 pluribus
714 932 903 968 decausis
916 943 993 968 non
1006 932 1468 978 putamusinducendam
1487 946 1501 965 »
1528 929 1584 981 (a.
1608 932 1656 967 28
1675 944 1766 977 aug.
1792 930 1925 982 1651).

219 1004 234 1025 «
258 991 408 1027 Nostrae
429 990 757 1037 Congregationes
776 994 812 1026 et
827 992 982 1027 decreta
1004 1001 1188 1037 expresse
1210 992 1349 1027 volunt
1371 991 1655 1036 applicationes
1674 993 1723 1028 ad
1743 993 1927 1028 determi-

214 1053 352 1086 natum
382 1050 511 1086 locum
542 1050 733 1086 bonorum
754 1061 775 1086 a
806 1051 958 1086 Nostris
988 1050 1172 1086 Societati
1203 1052 1385 1086 datorum
1417 1051 1501 1086 fieri
1533 1062 1610 1087 non
1644 1053 1693 1087 ab
1723 1052 1833 1097 ipsis,
1861 1053 1927 1088 sed

212 1120 234 1146 a
262 1110 384 1156 Praep.
409 1110 589 1145 Generali
609 1107 666 1158 (ιι.
696 1110 827 1157 1655).
858 1111 1026 1146 Possunt
1049 1111 1208 1155 quidem
1239 1111 1383 1154 Nostri,
1407 1111 1565 1156 quando
1596 1112 1697 1147 bona
1727 1122 1798 1147 sua
1828 1113 1924 1148 (lant

214 1169 397 1205 Societati
427 1179 620 1215 exponere
651 1170 951 1215 propensionem
973 1171 1145 1215 siquam
1167 1170 1326 1208 habent.
1351 1173 1393 1206 ut
1420 1173 1524 1206 certo
1547 1171 1628 1206 loco
1658 1172 1922 1217 applicentur,

211 1233 247 1265 et
269 1229 542 1275 propensionis
564 1229 673 1265 illius
695 1230 919 1266 habuerunt
940 1231 1014 1266 mei
1037 1232 1304 1266 antecessores
1326 1233 1362 1266 et
1384 1240 1455 1266 nos
1483 1230 1718 1267 habebimus
1739 1241 1925 1277 magnam

213 1289 428 1332 rationem;
463 1289 530 1325 sed
561 1289 703 1325 debent
734 1292 866 1326 tamen
897 1290 1130 1336 simpliciter
1160 1290 1463 1335 applicationem
1498 1290 1726 1336 permittere
1759 1291 1925 1326 arbitrio

213 1348 416 1395 Praepositi
438 1348 640 1385 Generalis
667 1362 682 1383 »
708 1347 763 1399 (a.
789 1350 918 1395 ibid.).

264 1414 467 1459 Quodnam
498 1418 629 1451 autem
661 1415 832 1452 Societas
860 1416 899 1451 in
930 1415 1147 1462 legitimam
1177 1416 1407 1451 Nostrorum
1437 1416 1501 1461 jus
1534 1416 1690 1459 habeat,
1725 1417 1774 1452 cl.
1803 1416 1921 1459 inira,

210 1485 243 1511 c.
268 1484 345 1521 sq..
369 1485 394 1511 1.

268 1657 316 1701 40
347 1657 719 1714 Applicationem
751 1658 921 1701 horum
959 1657 1192 1715 bonorum
1226 1659 1274 1701 in
1310 1658 1411 1702 hsce
1445 1658 1516 1702 vel
1553 1660 1639 1702 alia
1670 1660 1745 1717 pia
1785 1673 1925 1717 opera

208 1748 291 1793 pro
323 1749 407 1779 sua
442 1735 686 1779 devotione
735 1736 1064 1793 unusquisque
1109 1736 1259 1779 facere
1290 1741 1457 1793 potest.
1494 1736 1627 1792 (Cst.,
1668 1737 1751 1794 ΙΙΙ,
1790 1750 1820 1794 Ι,
1857 1738 1922 1793 7.)

209 1812 297 1856 Sed
324 1813 476 1870 primo
495 1813 543 1856 in
562 1827 636 1856 res
657 1813 835 1857 debitas
858 1819 902 1856 et
923 1814 968 1856 id
990 1827 1132 1871 quam
1155 1813 1397 1857 citissime.
1422 1813 1546 1871 (Ex,
1574 1828 1635 1870 iv,
1659 1814 1727 1872 i.)
1748 1815 1755 1835 ¹

269 1898 315 1942 Si
361 1900 466 1958 quis
512 1900 560 1943 in
609 1899 851 1943 Societatis
903 1899 1167 1943 subsidium
1214 1914 1296 1943 sua
1341 1900 1463 1944 bona
1507 1900 1742 1958 applicare
1796 1902 1920 1959 velit,

209 1977 471 2020 monendus
494 1982 564 2021 est
586 1978 775 2035 majoris
796 1977 1098 2034 perfectionis
1115 1991 1215 2021 esse
1233 1983 1284 2021 ut
1299 1978 1399 2021 haec
1421 1977 1657 2036 relinepmt
1681 1979 1924 2023 Generalis

207 2054 399 2099 arbitrio
419 2055 448 2110 ἢ,
474 2055 555 2113 qui
579 2055 680 2098 haec
707 2055 829 2099 bona
850 2055 906 2098 iis
928 2056 1040 2098 locis
1068 2055 1322 2113 applicabit
1350 2069 1453 2113 quw
1477 2056 1624 2114 magis
1654 2070 1789 2114 egere
1813 2070 1922 2100 ceu-

206 2131 327 2176 sebit
358 2132 491 2189 (Cst.,
526 2132 609 2187 ΙΙΙ,
635 2146 665 2188 Ι,
689 2133 732 2176 9.
759 2159 816 2164 —
845 2133 922 2189 IX,
955 2146 1024 2187 111,
1055 2133 1118 2189 (3),
1150 2133 1196 2175 in
1228 2132 1392 2176 eadem
1423 2138 1579 2177 tamen
1614 2134 1852 2191 provincia
1875 2135 1922 2178 in

205 2224 296 2268 qua
311 2210 431 2253 bona
447 2211 532 2254 sita
552 2215 678 2267 sunt,
700 2210 1002 2268 intelligen‹1lo
1020 2224 1192 2253 nomen
1212 2209 1468 2254 Provinciae
1492 2224 1620 2254 more
1647 2210 1891 2255 Societatis
1909 2212 1923 2233 3

205 2287 274 2346 (sl.
303 2288 377 2344 G„
413 2288 471 2345 Π,
505 2288 579 2332 23.
609 2315 667 2319 -
698 2288 781 2344 ΙΙΙ,
805 2288 912 2347 116>;
944 2315 1001 2319 -
1028 2288 1271 2333 Generalis
1303 2289 1474 2332 certior
1504 2288 1605 2332 fieri
1641 2289 1795 2346 (lebet,
1823 2290 1860 2333 si
1886 2290 1923 2333 is

206 2365 286 2422 qui
310 2379 359 2409 se
386 2365 572 2409 abdicat
601 2380 710 2424 erga
734 2372 914 2410 certum
942 2366 1095 2410 locum
1122 2367 1348 2424 majorem
1379 2366 1745 2424 propensionem
1779 2381 1923 2426 expe-

205 2443 369 2487 riatur.
395 2443 526 2500 (Cst.‚
557 2443 640 2499 ΠΙ,
673 2457 704 2500 Ι,
729 2444 772 2499 9,
799 2444 876 2496 H.)
897 2444 909 2465 ‘⁴

266 2530 311 2573 si
328 2531 434 2588 quis
449 2530 587 2574 alicui
603 2530 846 2574 Societatis
862 2530 962 2575 loco
979 2536 1109 2575 extra
1131 2532 1425 2575 Provinciam
1443 2546 1523 2575 sua
1540 2533 1663 2575 bona
1686 2532 1921 2590 applicare

204 2607 354 2664 vellet,
381 2607 586 2652 Societas
601 2613 842 2665 acceptare
864 2623 960 2652 non
983 2614 1141 2666 posset
1162 2609 1226 2661 (C.
1248 2610 1322 2666 G„
1344 2609 1403 2665 ΙΙ,
1427 2609 1516 2666 223),
1538 2611 1741 2667 exceptis
1766 2615 1922 2654 tamen

205 2684 406 2743 Collegio
432 2685 644 2729 Romano
668 2691 712 2729 et
739 2686 841 2729 aliis
862 2686 1145 2731 Nostrorum
1176 2686 1467 2743 Seminaiiis,
1500 2687 1672 2744 quibus
1694 2688 1920 2745 applicari

204 2768 402 2819 possunt
430 2762 713 2807 Nostrorum
745 2764 869 2807 bona
899 2765 946 2807 in
978 2764 1186 2821 qualibet
1217 2765 1453 2821 provincia
1486 2765 1587 2809 sita.
1623 2765 1688 2816 (C.
1725 2766 1799 2820 G„
1842 2766 1918 2821 IV,

206 2839 380 2883 decret.
405 2839 487 2883 ult.
513 2867 570 2871 —
592 2840 640 2884 C.
671 2841 746 2896 G„
771 2842 848 2897 VI,
873 2842 937 2895 8.)
957 2843 969 2863 '⁶

263 2925 363 2970 Nec
383 2927 531 2970 valida
560 2927 647 2971 erit
666 2927 853 2972 donatio
876 2934 983 2973 ante
1009 2929 1252 2973 Generalis
1283 2929 1689 2987 approbationem,
1713 2930 1792 2987 qui
1816 2944 1920 2973 eam

205 3002 434 3047 ratificare
475 3005 645 3060 poterit
684 3006 867 3049 etiamsi
913 3006 1093 3050 donans
1134 3013 1402 3052 moreretur
1448 3012 1527 3050 aut
1570 3006 1919 3051 professionem

1984 1675 2032 1701 105
