<?xml version="1.0" encoding="UTF-8"?>
<!DOCTYPE html PUBLIC "-//W3C//DTD XHTML 1.0 Transitional//EN"
    "http://www.w3.org/TR/xhtml1/DTD/xhtml1-transitional.dtd">
<html xmlns="http://www.w3.org/1999/xhtml" xml:lang="en" lang="en">
 <head>
  <title>
</title>
<meta http-equiv="Content-Type" content="text/html;charset=utf-8" />
  <meta name='ocr-system' content='tesseract 3.04.00' />
  <meta name='ocr-capabilities' content='ocr_page ocr_carea ocr_par ocr_line ocrx_word'/>
</head>
<body>
  <div class='ocr_page' id='page_1' title='image "./compendiuminstit00rami_0165.png"; bbox 0 0 2145 3366; ppageno 0'>
   <div class='ocr_carea' id='block_1_1' title="bbox 19 827 33 1632">
    <p class='ocr_par' dir='ltr' id='par_1_1' title="bbox 19 827 33 1632">
     <span class='ocr_line' id='line_1_1' title="bbox 19 827 33 1632; baseline 0 0"><span class='ocrx_word' id='word_1_1' title='bbox 19 827 33 1632; x_wconf 95' lang='lat' dir='ltr'> </span> 
     </span>
    </p>
   </div>
   <div class='ocr_carea' id='block_1_2' title="bbox 58 0 161 3366">
    <p class='ocr_par' dir='ltr' id='par_1_2' title="bbox 58 0 161 3366">
     <span class='ocr_line' id='line_1_2' title="bbox 58 0 161 3366; baseline 0 0"><span class='ocrx_word' id='word_1_2' title='bbox 58 0 161 3366; x_wconf 95' lang='lat' dir='ltr'> </span> 
     </span>
    </p>
   </div>
   <div class='ocr_carea' id='block_1_3' title="bbox 744 249 1928 292">
    <p class='ocr_par' dir='ltr' id='par_1_3' title="bbox 744 249 1928 292">
     <span class='ocr_line' id='line_1_3' title="bbox 744 249 1928 292; baseline -0.004 0"><span class='ocrx_word' id='word_1_3' title='bbox 744 263 1062 292; x_wconf 60' lang='lat' dir='ltr'>PROFESSIONIS</span> <span class='ocrx_word' id='word_1_4' title='bbox 1095 260 1396 289; x_wconf 65' lang='lat' dir='ltr'>coxorrioxrzs</span> <span class='ocrx_word' id='word_1_5' title='bbox 1851 249 1928 287; x_wconf 53' lang='lat'>1159</span> 
     </span>
    </p>
   </div>
   <div class='ocr_carea' id='block_1_4' title="bbox 1208 349 1927 360">
    <p class='ocr_par' dir='ltr' id='par_1_4' title="bbox 1208 349 1927 360">
     <span class='ocr_line' id='line_1_4' title="bbox 1208 349 1927 360; baseline 0 0"><span class='ocrx_word' id='word_1_6' title='bbox 1208 349 1927 360; x_wconf 95' lang='lat' dir='ltr'> </span> 
     </span>
    </p>
   </div>
   <div class='ocr_carea' id='block_1_5' title="bbox 222 436 1934 888">
    <p class='ocr_par' dir='ltr' id='par_1_5' title="bbox 222 436 1934 888">
     <span class='ocr_line' id='line_1_5' title="bbox 222 436 1928 494; baseline -0.006 -7"><span class='ocrx_word' id='word_1_7' title='bbox 222 442 568 487; x_wconf 82' lang='lat' dir='ltr'>Professionem</span> <span class='ocrx_word' id='word_1_8' title='bbox 609 441 697 484; x_wconf 86' lang='lat' dir='ltr'>hoc</span> <span class='ocrx_word' id='word_1_9' title='bbox 737 440 871 485; x_wconf 88' lang='lat' dir='ltr'>titulo</span> <span class='ocrx_word' id='word_1_10' title='bbox 912 440 1211 494; x_wconf 74' lang='lat' dir='ltr'>admittatur,</span> <span class='ocrx_word' id='word_1_11' title='bbox 1251 436 1427 481; x_wconf 81' lang='lat' dir='ltr'>sufficit</span> <span class='ocrx_word' id='word_1_12' title='bbox 1465 442 1518 479; x_wconf 87' lang='lat' dir='ltr'>ut</span> <span class='ocrx_word' id='word_1_13' title='bbox 1556 436 1928 479; x_wconf 69' lang='lat' dir='ltr'>mediocritatem</span> 
     </span>
     <span class='ocr_line' id='line_1_6' title="bbox 223 512 1930 578; baseline -0.005 -14"><span class='ocrx_word' id='word_1_14' title='bbox 223 525 428 578; x_wconf 88' lang='lat' dir='ltr'>superet.</span> <span class='ocrx_word' id='word_1_15' title='bbox 460 518 528 575; x_wconf 87' lang='lat' dir='ltr'>(C.</span> <span class='ocrx_word' id='word_1_16' title='bbox 554 518 608 574; x_wconf 80' lang='lat' dir='ltr'>G,</span> <span class='ocrx_word' id='word_1_17' title='bbox 634 517 738 573; x_wconf 95' lang='lat' dir='ltr'>XII,</span> <span class='ocrx_word' id='word_1_18' title='bbox 759 518 888 573; x_wconf 44' lang='lat'>233⁵</span> <span class='ocrx_word' id='word_1_19' title='bbox 916 517 1116 575; x_wconf 78' lang='lat' dir='ltr'>Respuit</span> <span class='ocrx_word' id='word_1_20' title='bbox 1146 520 1304 559; x_wconf 89' lang='lat' dir='ltr'>autem</span> <span class='ocrx_word' id='word_1_21' title='bbox 1336 514 1383 557; x_wconf 89' lang='lat' dir='ltr'>C.</span> <span class='ocrx_word' id='word_1_22' title='bbox 1411 514 1484 568; x_wconf 81' lang='lat' dir='ltr'>G.,</span> <span class='ocrx_word' id='word_1_23' title='bbox 1515 513 1640 569; x_wconf 87' lang='lat' dir='ltr'>XXI,</span> <span class='ocrx_word' id='word_1_24' title='bbox 1666 512 1739 568; x_wconf 77' lang='grc'>17,</span> <span class='ocrx_word' id='word_1_25' title='bbox 1774 518 1930 556; x_wconf 81' lang='lat' dir='ltr'>exten-</span> 
     </span>
     <span class='ocr_line' id='line_1_7' title="bbox 223 590 1933 655; baseline -0.006 -13"><span class='ocrx_word' id='word_1_26' title='bbox 223 598 404 642; x_wconf 82' lang='lat' dir='ltr'>sionem</span> <span class='ocrx_word' id='word_1_27' title='bbox 427 597 570 655; x_wconf 88' lang='lat' dir='ltr'>hujus</span> <span class='ocrx_word' id='word_1_28' title='bbox 605 595 835 653; x_wconf 80' lang='lat' dir='ltr'>privilegii</span> <span class='ocrx_word' id='word_1_29' title='bbox 863 595 920 638; x_wconf 85' lang='lat' dir='ltr'>ad</span> <span class='ocrx_word' id='word_1_30' title='bbox 950 593 1271 653; x_wconf 58' lang='lat' dir='ltr'>praestantiam</span> <span class='ocrx_word' id='word_1_31' title='bbox 1302 592 1350 635; x_wconf 88' lang='lat' dir='ltr'>in</span> <span class='ocrx_word' id='word_1_32' title='bbox 1379 590 1586 635; x_wconf 78' lang='lat' dir='ltr'>scientiis</span> <span class='ocrx_word' id='word_1_33' title='bbox 1617 590 1822 648; x_wconf 77' lang='lat' dir='ltr'>physicis</span> <span class='ocrx_word' id='word_1_34' title='bbox 1853 595 1933 633; x_wconf 87' lang='lat' dir='ltr'>aut</span> 
     </span>
     <span class='ocr_line' id='line_1_8' title="bbox 224 667 1932 725; baseline -0.005 -7"><span class='ocrx_word' id='word_1_35' title='bbox 224 672 612 719; x_wconf 65' lang='lat' dir='ltr'>mathematicisss.</span> <span class='ocrx_word' id='word_1_36' title='bbox 644 672 735 725; x_wconf 84' lang='lat' dir='ltr'>Qui</span> <span class='ocrx_word' id='word_1_37' title='bbox 762 686 871 716; x_wconf 85' lang='lat' dir='ltr'>vero</span> <span class='ocrx_word' id='word_1_38' title='bbox 899 673 949 716; x_wconf 87' lang='lat' dir='ltr'>in</span> <span class='ocrx_word' id='word_1_39' title='bbox 973 670 1313 716; x_wconf 80' lang='lat' dir='ltr'>celebrioribus</span> <span class='ocrx_word' id='word_1_40' title='bbox 1340 668 1690 713; x_wconf 81' lang='lat' dir='ltr'>universatibus</span> <span class='ocrx_word' id='word_1_41' title='bbox 1718 667 1932 711; x_wconf 85' lang='lat' dir='ltr'>doctores</span> 
     </span>
     <span class='ocr_line' id='line_1_9' title="bbox 223 746 1934 810; baseline -0.005 -14"><span class='ocrx_word' id='word_1_42' title='bbox 223 752 469 810; x_wconf 81' lang='lat' dir='ltr'>theologiae</span> <span class='ocrx_word' id='word_1_43' title='bbox 500 756 772 807; x_wconf 88' lang='lat' dir='ltr'>evaserunt,</span> <span class='ocrx_word' id='word_1_44' title='bbox 798 751 836 793; x_wconf 80' lang='lat' dir='ltr'>si</span> <span class='ocrx_word' id='word_1_45' title='bbox 865 751 913 793; x_wconf 92' lang='lat' dir='ltr'>in</span> <span class='ocrx_word' id='word_1_46' title='bbox 941 750 1113 808; x_wconf 78' lang='lat' dir='ltr'>praevio</span> <span class='ocrx_word' id='word_1_47' title='bbox 1144 748 1358 792; x_wconf 90' lang='lat' dir='ltr'>examine</span> <span class='ocrx_word' id='word_1_48' title='bbox 1391 746 1764 789; x_wconf 71' lang='lat' dir='ltr'>mediocritatem</span> <span class='ocrx_word' id='word_1_49' title='bbox 1798 758 1934 802; x_wconf 89' lang='lat' dir='ltr'>supe-</span> 
     </span>
     <span class='ocr_line' id='line_1_10' title="bbox 224 821 1934 888; baseline -0.005 -14"><span class='ocrx_word' id='word_1_50' title='bbox 224 835 344 886; x_wconf 89' lang='lat' dir='ltr'>rent,</span> <span class='ocrx_word' id='word_1_51' title='bbox 369 834 572 888; x_wconf 86' lang='lat' dir='ltr'>possunt</span> <span class='ocrx_word' id='word_1_52' title='bbox 593 828 878 887; x_wconf 69' lang='lat' dir='ltr'>promoveri.</span> <span class='ocrx_word' id='word_1_53' title='bbox 904 828 973 882; x_wconf 76' lang='lat' dir='ltr'>(C.</span> <span class='ocrx_word' id='word_1_54' title='bbox 1000 828 1074 883; x_wconf 80' lang='lat' dir='ltr'>G.,</span> <span class='ocrx_word' id='word_1_55' title='bbox 1097 826 1180 882; x_wconf 84' lang='lat' dir='ltr'>XI,</span> <span class='ocrx_word' id='word_1_56' title='bbox 1203 825 1276 869; x_wconf 70' lang='lat'>14.</span> <span class='ocrx_word' id='word_1_57' title='bbox 1301 851 1357 855; x_wconf 83' lang='lat'>——</span> <span class='ocrx_word' id='word_1_58' title='bbox 1380 825 1445 868; x_wconf 79' lang='lat' dir='ltr'>St.</span> <span class='ocrx_word' id='word_1_59' title='bbox 1471 824 1526 866; x_wconf 81' lang='lat' dir='ltr'>R.</span> <span class='ocrx_word' id='word_1_60' title='bbox 1552 823 1687 867; x_wconf 89' lang='lat' dir='ltr'>Prov.</span> <span class='ocrx_word' id='word_1_61' title='bbox 1713 822 1786 879; x_wconf 79' lang='grc'>19,</span> <span class='ocrx_word' id='word_1_62' title='bbox 1810 821 1934 880; x_wconf 61' lang='grc' dir='ltr'>15.)Ἴ</span> 
     </span>
    </p>
   </div>
   <div class='ocr_carea' id='block_1_6' title="bbox 224 968 1936 1143">
    <p class='ocr_par' dir='ltr' id='par_1_6' title="bbox 224 968 1936 1143">
     <span class='ocr_line' id='line_1_11' title="bbox 278 968 1936 1020; baseline -0.005 -8"><span class='ocrx_word' id='word_1_63' title='bbox 278 973 290 1001; x_wconf 82' lang='lat'>¹</span> <span class='ocrx_word' id='word_1_64' title='bbox 313 975 385 1020; x_wconf 92' lang='lat' dir='ltr'>Qui</span> <span class='ocrx_word' id='word_1_65' title='bbox 406 976 479 1012; x_wconf 90' lang='lat' dir='ltr'>hoc</span> <span class='ocrx_word' id='word_1_66' title='bbox 506 975 621 1011; x_wconf 90' lang='lat' dir='ltr'>titulo</span> <span class='ocrx_word' id='word_1_67' title='bbox 641 975 691 1010; x_wconf 89' lang='lat' dir='ltr'>ad</span> <span class='ocrx_word' id='word_1_68' title='bbox 715 974 1000 1010; x_wconf 78' lang='lat' dir='ltr'>Protessionem</span> <span class='ocrx_word' id='word_1_69' title='bbox 1030 974 1312 1019; x_wconf 80' lang='lat' dir='ltr'>promoventur</span> <span class='ocrx_word' id='word_1_70' title='bbox 1337 970 1541 1007; x_wconf 80' lang='lat' dir='ltr'>admoneri</span> <span class='ocrx_word' id='word_1_71' title='bbox 1563 970 1707 1005; x_wconf 86' lang='lat' dir='ltr'>debent</span> <span class='ocrx_word' id='word_1_72' title='bbox 1726 979 1766 1004; x_wconf 89' lang='lat' dir='ltr'>se</span> <span class='ocrx_word' id='word_1_73' title='bbox 1787 979 1830 1004; x_wconf 92' lang='lat' dir='ltr'>eo</span> <span class='ocrx_word' id='word_1_74' title='bbox 1851 968 1936 1014; x_wconf 92' lang='lat' dir='ltr'>ipso</span> 
     </span>
     <span class='ocr_line' id='line_1_12' title="bbox 225 1028 1935 1082; baseline -0.005 -11"><span class='ocrx_word' id='word_1_75' title='bbox 225 1035 432 1082; x_wconf 82' lang='lat' dir='ltr'>specialem</span> <span class='ocrx_word' id='word_1_76' title='bbox 455 1035 736 1080; x_wconf 76' lang='lat' dir='ltr'>obligationem</span> <span class='ocrx_word' id='word_1_77' title='bbox 759 1034 989 1069; x_wconf 80' lang='lat' dir='ltr'>contrahere</span> <span class='ocrx_word' id='word_1_78' title='bbox 1009 1033 1059 1068; x_wconf 90' lang='lat' dir='ltr'>ad</span> <span class='ocrx_word' id='word_1_79' title='bbox 1080 1032 1234 1068; x_wconf 81' lang='lat' dir='ltr'>litteras</span> <span class='ocrx_word' id='word_1_80' title='bbox 1256 1031 1466 1072; x_wconf 89' lang='lat' dir='ltr'>docendas,</span> <span class='ocrx_word' id='word_1_81' title='bbox 1492 1029 1683 1075; x_wconf 83' lang='lat' dir='ltr'>quamdiu</span> <span class='ocrx_word' id='word_1_82' title='bbox 1705 1028 1935 1075; x_wconf 78' lang='lat' dir='ltr'>Superiores</span> 
     </span>
     <span class='ocr_line' id='line_1_13' title="bbox 224 1090 935 1143; baseline -0.004 -12"><span class='ocrx_word' id='word_1_83' title='bbox 224 1095 265 1131; x_wconf 89' lang='lat' dir='ltr'>id</span> <span class='ocrx_word' id='word_1_84' title='bbox 283 1095 380 1131; x_wconf 90' lang='lat' dir='ltr'>utile</span> <span class='ocrx_word' id='word_1_85' title='bbox 400 1095 636 1140; x_wconf 86' lang='lat' dir='ltr'>J&#39;udicabunt</span> <span class='ocrx_word' id='word_1_86' title='bbox 657 1090 710 1143; x_wconf 82' lang='lat' dir='ltr'>(b.</span> <span class='ocrx_word' id='word_1_87' title='bbox 735 1094 773 1140; x_wconf 74' lang='lat'>†‚</span> <span class='ocrx_word' id='word_1_88' title='bbox 803 1093 935 1142; x_wconf 75' lang='lat'>1642).</span> 
     </span>
    </p>
   </div>
   <div class='ocr_carea' id='block_1_7' title="bbox 225 1168 1941 1580">
    <p class='ocr_par' dir='ltr' id='par_1_7' title="bbox 225 1168 1938 1459">
     <span class='ocr_line' id='line_1_14' title="bbox 277 1168 1937 1217; baseline -0.005 -6"><span class='ocrx_word' id='word_1_89' title='bbox 277 1172 359 1211; x_wconf 73' lang='lat' dir='ltr'>21n</span> <span class='ocrx_word' id='word_1_90' title='bbox 383 1175 589 1211; x_wconf 83' lang='lat' dir='ltr'>Provincia</span> <span class='ocrx_word' id='word_1_91' title='bbox 616 1174 819 1210; x_wconf 86' lang='lat' dir='ltr'>Mexicana</span> <span class='ocrx_word' id='word_1_92' title='bbox 846 1184 960 1209; x_wconf 91' lang='lat' dir='ltr'>nemo</span> <span class='ocrx_word' id='word_1_93' title='bbox 987 1173 1037 1207; x_wconf 89' lang='lat' dir='ltr'>ad</span> <span class='ocrx_word' id='word_1_94' title='bbox 1058 1171 1345 1208; x_wconf 80' lang='lat' dir='ltr'>professionem</span> <span class='ocrx_word' id='word_1_95' title='bbox 1372 1173 1543 1217; x_wconf 88' lang='lat' dir='ltr'>quatuor</span> <span class='ocrx_word' id='word_1_96' title='bbox 1563 1172 1744 1206; x_wconf 89' lang='lat' dir='ltr'>votorum</span> <span class='ocrx_word' id='word_1_97' title='bbox 1772 1168 1937 1214; x_wconf 87' lang='lat' dir='ltr'>proponi</span> 
     </span>
     <span class='ocr_line' id='line_1_15' title="bbox 225 1227 1937 1280; baseline -0.005 -8"><span class='ocrx_word' id='word_1_98' title='bbox 225 1236 391 1272; x_wconf 86' lang='lat' dir='ltr'>debebat</span> <span class='ocrx_word' id='word_1_99' title='bbox 411 1234 488 1271; x_wconf 89' lang='lat' dir='ltr'>nisi</span> <span class='ocrx_word' id='word_1_100' title='bbox 509 1235 685 1280; x_wconf 83' lang='lat' dir='ltr'>aliquam</span> <span class='ocrx_word' id='word_1_101' title='bbox 707 1234 884 1280; x_wconf 85' lang='lat' dir='ltr'>linguam</span> <span class='ocrx_word' id='word_1_102' title='bbox 906 1233 1079 1268; x_wconf 83' lang='lat' dir='ltr'>indicam</span> <span class='ocrx_word' id='word_1_103' title='bbox 1101 1232 1218 1267; x_wconf 88' lang='lat' dir='ltr'>sciret</span> <span class='ocrx_word' id='word_1_104' title='bbox 1240 1227 1295 1280; x_wconf 83' lang='grc' dir='ltr'>(α.</span> <span class='ocrx_word' id='word_1_105' title='bbox 1324 1228 1458 1279; x_wconf 82' lang='grc'>1646).</span> <span class='ocrx_word' id='word_1_106' title='bbox 1485 1230 1559 1266; x_wconf 85' lang='lat' dir='ltr'>Sed</span> <span class='ocrx_word' id='word_1_107' title='bbox 1580 1240 1694 1266; x_wconf 89' lang='lat' dir='ltr'>nemo</span> <span class='ocrx_word' id='word_1_108' title='bbox 1715 1229 1764 1265; x_wconf 91' lang='lat' dir='ltr'>ad</span> <span class='ocrx_word' id='word_1_109' title='bbox 1786 1229 1937 1264; x_wconf 80' lang='lat' dir='ltr'>Protes-</span> 
     </span>
     <span class='ocr_line' id='line_1_16' title="bbox 226 1289 1935 1341; baseline -0.005 -10"><span class='ocrx_word' id='word_1_110' title='bbox 226 1296 376 1332; x_wconf 89' lang='lat' dir='ltr'>sionem</span> <span class='ocrx_word' id='word_1_111' title='bbox 394 1295 443 1331; x_wconf 88' lang='lat' dir='ltr'>ob</span> <span class='ocrx_word' id='word_1_112' title='bbox 463 1294 645 1341; x_wconf 82' lang='lat' dir='ltr'>peritiam</span> <span class='ocrx_word' id='word_1_113' title='bbox 665 1294 810 1340; x_wconf 81' lang='lat' dir='ltr'>linguae</span> <span class='ocrx_word' id='word_1_114' title='bbox 832 1293 973 1329; x_wconf 72' lang='lat' dir='ltr'>indicae</span> <span class='ocrx_word' id='word_1_115' title='bbox 994 1291 1265 1327; x_wconf 86' lang='lat' dir='ltr'>admittendus</span> <span class='ocrx_word' id='word_1_116' title='bbox 1287 1293 1384 1333; x_wconf 85' lang='lat' dir='ltr'>erat,</span> <span class='ocrx_word' id='word_1_117' title='bbox 1403 1290 1481 1325; x_wconf 84' lang='lat' dir='ltr'>nisi</span> <span class='ocrx_word' id='word_1_118' title='bbox 1500 1302 1507 1324; x_wconf 90' lang='lat'>:</span> <span class='ocrx_word' id='word_1_119' title='bbox 1531 1290 1566 1324; x_wconf 85' lang='lat'>1⁰</span> <span class='ocrx_word' id='word_1_120' title='bbox 1588 1300 1672 1325; x_wconf 88' lang='lat' dir='ltr'>eam</span> <span class='ocrx_word' id='word_1_121' title='bbox 1692 1292 1782 1324; x_wconf 89' lang='lat' dir='ltr'>actu</span> <span class='ocrx_word' id='word_1_122' title='bbox 1804 1289 1935 1331; x_wconf 86' lang='lat' dir='ltr'>sciret,</span> 
     </span>
     <span class='ocr_line' id='line_1_17' title="bbox 225 1348 1938 1396; baseline -0.004 -6"><span class='ocrx_word' id='word_1_123' title='bbox 225 1355 279 1391; x_wconf 90' lang='lat' dir='ltr'>ita</span> <span class='ocrx_word' id='word_1_124' title='bbox 302 1358 344 1390; x_wconf 90' lang='lat' dir='ltr'>ut</span> <span class='ocrx_word' id='word_1_125' title='bbox 364 1353 589 1390; x_wconf 88' lang='lat' dir='ltr'>concionari</span> <span class='ocrx_word' id='word_1_126' title='bbox 616 1356 653 1388; x_wconf 86' lang='lat' dir='ltr'>et</span> <span class='ocrx_word' id='word_1_127' title='bbox 680 1353 819 1389; x_wconf 90' lang='lat' dir='ltr'>audire</span> <span class='ocrx_word' id='word_1_128' title='bbox 846 1351 1113 1388; x_wconf 75' lang='lat' dir='ltr'>confessiones</span> <span class='ocrx_word' id='word_1_129' title='bbox 1138 1353 1290 1396; x_wconf 82' lang='lat' dir='ltr'>posset3</span> <span class='ocrx_word' id='word_1_130' title='bbox 1322 1350 1359 1384; x_wconf 76' lang='lat'>2⁰</span> <span class='ocrx_word' id='word_1_131' title='bbox 1380 1349 1459 1385; x_wconf 91' lang='lat' dir='ltr'>nisi</span> <span class='ocrx_word' id='word_1_132' title='bbox 1487 1352 1589 1385; x_wconf 92' lang='lat' dir='ltr'>esset</span> <span class='ocrx_word' id='word_1_133' title='bbox 1617 1349 1860 1394; x_wconf 87' lang='lat' dir='ltr'>approbatus</span> <span class='ocrx_word' id='word_1_134' title='bbox 1889 1348 1938 1383; x_wconf 87' lang='lat' dir='ltr'>ab</span> 
     </span>
     <span class='ocr_line' id='line_1_18' title="bbox 226 1402 1825 1459; baseline -0.005 -9"><span class='ocrx_word' id='word_1_135' title='bbox 226 1414 565 1450; x_wconf 84' lang='lat' dir='ltr'>examinatoribus</span> <span class='ocrx_word' id='word_1_136' title='bbox 586 1413 750 1459; x_wconf 74' lang='lat' dir='ltr'>juratis:</span> <span class='ocrx_word' id='word_1_137' title='bbox 782 1412 819 1447; x_wconf 80' lang='grc' dir='ltr'>3ο</span> <span class='ocrx_word' id='word_1_138' title='bbox 840 1412 916 1447; x_wconf 85' lang='lat' dir='ltr'>nisi</span> <span class='ocrx_word' id='word_1_139' title='bbox 939 1414 1041 1447; x_wconf 88' lang='lat' dir='ltr'>esset</span> <span class='ocrx_word' id='word_1_140' title='bbox 1063 1410 1233 1456; x_wconf 84' lang='lat' dir='ltr'>insignis</span> <span class='ocrx_word' id='word_1_141' title='bbox 1255 1409 1460 1455; x_wconf 87' lang='lat' dir='ltr'>operarius</span> <span class='ocrx_word' id='word_1_142' title='bbox 1487 1406 1643 1458; x_wconf 77' lang='grc'>(1646).</span> <span class='ocrx_word' id='word_1_143' title='bbox 1814 1402 1825 1407; x_wconf 76' lang='grc'><em>“</em></span> 
     </span>
    </p>

    <p class='ocr_par' dir='ltr' id='par_1_8' title="bbox 226 1468 1941 1580">
     <span class='ocr_line' id='line_1_19' title="bbox 282 1468 1940 1517; baseline -0.004 -8"><span class='ocrx_word' id='word_1_144' title='bbox 282 1474 363 1509; x_wconf 88' lang='lat' dir='ltr'>Imo</span> <span class='ocrx_word' id='word_1_145' title='bbox 383 1473 610 1508; x_wconf 90' lang='lat' dir='ltr'>ordinatum</span> <span class='ocrx_word' id='word_1_146' title='bbox 633 1473 762 1508; x_wconf 83' lang='lat' dir='ltr'>iuerat</span> <span class='ocrx_word' id='word_1_147' title='bbox 783 1482 852 1517; x_wconf 89' lang='lat' dir='ltr'>pro</span> <span class='ocrx_word' id='word_1_148' title='bbox 873 1470 1079 1506; x_wconf 88' lang='lat' dir='ltr'>Provincia</span> <span class='ocrx_word' id='word_1_149' title='bbox 1105 1470 1284 1505; x_wconf 89' lang='lat' dir='ltr'>Peruana</span> <span class='ocrx_word' id='word_1_150' title='bbox 1305 1471 1348 1504; x_wconf 92' lang='lat' dir='ltr'>ut</span> <span class='ocrx_word' id='word_1_151' title='bbox 1369 1479 1483 1504; x_wconf 88' lang='lat' dir='ltr'>nemo</span> <span class='ocrx_word' id='word_1_152' title='bbox 1512 1468 1734 1503; x_wconf 89' lang='lat' dir='ltr'>ministeria</span> <span class='ocrx_word' id='word_1_153' title='bbox 1759 1477 1940 1502; x_wconf 87' lang='lat' dir='ltr'>exercere</span> 
     </span>
     <span class='ocr_line' id='line_1_20' title="bbox 226 1526 1941 1580; baseline -0.005 -11"><span class='ocrx_word' id='word_1_154' title='bbox 226 1533 521 1580; x_wconf 86' lang='lat' dir='ltr'>permitteretur</span> <span class='ocrx_word' id='word_1_155' title='bbox 554 1532 630 1568; x_wconf 91' lang='lat' dir='ltr'>nisi</span> <span class='ocrx_word' id='word_1_156' title='bbox 667 1532 845 1578; x_wconf 84' lang='lat' dir='ltr'>linguam</span> <span class='ocrx_word' id='word_1_157' title='bbox 878 1531 1052 1566; x_wconf 80' lang='lat' dir='ltr'>indicam</span> <span class='ocrx_word' id='word_1_158' title='bbox 1088 1532 1358 1575; x_wconf 84' lang='lat' dir='ltr'>cognosceret,</span> <span class='ocrx_word' id='word_1_159' title='bbox 1395 1532 1432 1563; x_wconf 91' lang='lat' dir='ltr'>et</span> <span class='ocrx_word' id='word_1_160' title='bbox 1466 1531 1508 1563; x_wconf 92' lang='lat' dir='ltr'>ut</span> <span class='ocrx_word' id='word_1_161' title='bbox 1541 1527 1730 1574; x_wconf 86' lang='lat' dir='ltr'>obligatio</span> <span class='ocrx_word' id='word_1_162' title='bbox 1776 1526 1941 1562; x_wconf 89' lang='lat' dir='ltr'>docendi</span> 
     </span>
    </p>
   </div>
   <div class='ocr_carea' id='block_1_8' title="bbox 225 1586 1938 1702">
    <p class='ocr_par' dir='ltr' id='par_1_9' title="bbox 225 1586 1938 1702">
     <span class='ocr_line' id='line_1_21' title="bbox 225 1586 1938 1640; baseline -0.005 -12"><span class='ocrx_word' id='word_1_163' title='bbox 225 1592 525 1640; x_wconf 85' lang='lat' dir='ltr'>grammaticam</span> <span class='ocrx_word' id='word_1_164' title='bbox 554 1602 622 1637; x_wconf 91' lang='lat' dir='ltr'>per</span> <span class='ocrx_word' id='word_1_165' title='bbox 650 1594 728 1627; x_wconf 91' lang='lat' dir='ltr'>tres</span> <span class='ocrx_word' id='word_1_166' title='bbox 756 1600 882 1626; x_wconf 88' lang='lat' dir='ltr'>annos</span> <span class='ocrx_word' id='word_1_167' title='bbox 911 1592 1222 1625; x_wconf 88' lang='lat' dir='ltr'>commutaretur</span> <span class='ocrx_word' id='word_1_168' title='bbox 1249 1601 1264 1622; x_wconf 88' lang='lat'>«</span> <span class='ocrx_word' id='word_1_169' title='bbox 1294 1589 1335 1623; x_wconf 92' lang='lat' dir='ltr'>in</span> <span class='ocrx_word' id='word_1_170' title='bbox 1356 1588 1632 1633; x_wconf 84' lang='lat' dir='ltr'>occupationes</span> <span class='ocrx_word' id='word_1_171' title='bbox 1659 1597 1749 1622; x_wconf 91' lang='lat' dir='ltr'>cum</span> <span class='ocrx_word' id='word_1_172' title='bbox 1771 1586 1896 1622; x_wconf 92' lang='lat' dir='ltr'>Indiis</span> <span class='ocrx_word' id='word_1_173' title='bbox 1923 1598 1938 1619; x_wconf 89' lang='lat'>»</span> 
     </span>
     <span class='ocr_line' id='line_1_22' title="bbox 226 1649 445 1702; baseline -0.005 -13"><span class='ocrx_word' id='word_1_174' title='bbox 226 1650 283 1702; x_wconf 89' lang='grc' dir='ltr'>(α.</span> <span class='ocrx_word' id='word_1_175' title='bbox 313 1649 445 1701; x_wconf 76' lang='grc'>1594).</span> 
     </span>
    </p>
   </div>
   <div class='ocr_carea' id='block_1_9' title="bbox 229 1726 1946 1898">
    <p class='ocr_par' dir='ltr' id='par_1_10' title="bbox 229 1726 1946 1898">
     <span class='ocr_line' id='line_1_23' title="bbox 282 1726 1942 1778; baseline -0.004 -10"><span class='ocrx_word' id='word_1_176' title='bbox 282 1730 298 1757; x_wconf 90' lang='grc'><strong>3</strong></span> <span class='ocrx_word' id='word_1_177' title='bbox 318 1733 523 1768; x_wconf 87' lang='lat' dir='ltr'>Talentum</span> <span class='ocrx_word' id='word_1_178' title='bbox 545 1731 794 1778; x_wconf 86' lang='lat' dir='ltr'>gubernandi</span> <span class='ocrx_word' id='word_1_179' title='bbox 823 1730 1012 1776; x_wconf 87' lang='lat' dir='ltr'>supplens</span> <span class='ocrx_word' id='word_1_180' title='bbox 1040 1729 1273 1775; x_wconf 86' lang='lat' dir='ltr'>requisitam</span> <span class='ocrx_word' id='word_1_181' title='bbox 1302 1727 1522 1763; x_wconf 86' lang='lat' dir='ltr'>doctrinam</span> <span class='ocrx_word' id='word_1_182' title='bbox 1544 1726 1658 1762; x_wconf 87' lang='lat' dir='ltr'>debet</span> <span class='ocrx_word' id='word_1_183' title='bbox 1679 1736 1764 1762; x_wconf 87' lang='lat' dir='ltr'>esse</span> <span class='ocrx_word' id='word_1_184' title='bbox 1786 1728 1942 1762; x_wconf 90' lang='lat' dir='ltr'>tantum</span> 
     </span>
     <span class='ocr_line' id='line_1_24' title="bbox 229 1783 1944 1837; baseline -0.005 -8"><span class='ocrx_word' id='word_1_185' title='bbox 229 1796 272 1829; x_wconf 90' lang='lat' dir='ltr'>ut</span> <span class='ocrx_word' id='word_1_186' title='bbox 293 1792 462 1829; x_wconf 86' lang='lat' dir='ltr'>sufficiat</span> <span class='ocrx_word' id='word_1_187' title='bbox 483 1792 533 1827; x_wconf 90' lang='lat' dir='ltr'>ad</span> <span class='ocrx_word' id='word_1_188' title='bbox 559 1791 861 1837; x_wconf 84' lang='lat' dir='ltr'>gubernandam</span> <span class='ocrx_word' id='word_1_189' title='bbox 887 1789 1132 1825; x_wconf 89' lang='lat' dir='ltr'>Provinciam</span> <span class='ocrx_word' id='word_1_190' title='bbox 1162 1791 1284 1823; x_wconf 90' lang='lat' dir='ltr'>totam</span> <span class='ocrx_word' id='word_1_191' title='bbox 1314 1785 1369 1836; x_wconf 79' lang='grc' dir='ltr'>(α.</span> <span class='ocrx_word' id='word_1_192' title='bbox 1400 1783 1532 1836; x_wconf 76' lang='lat'>1623).</span> <span class='ocrx_word' id='word_1_193' title='bbox 1566 1786 1684 1821; x_wconf 91' lang='lat' dir='ltr'>Porro</span> <span class='ocrx_word' id='word_1_194' title='bbox 1711 1785 1944 1831; x_wconf 77' lang='lat' dir='ltr'>praestantia</span> 
     </span>
     <span class='ocr_line' id='line_1_25' title="bbox 229 1845 1946 1898; baseline -0.005 -9"><span class='ocrx_word' id='word_1_195' title='bbox 229 1852 379 1895; x_wconf 88' lang='lat' dir='ltr'>talenti,</span> <span class='ocrx_word' id='word_1_196' title='bbox 405 1852 455 1888; x_wconf 89' lang='lat' dir='ltr'>ad</span> <span class='ocrx_word' id='word_1_197' title='bbox 472 1851 776 1898; x_wconf 87' lang='lat' dir='ltr'>gubernandum</span> <span class='ocrx_word' id='word_1_198' title='bbox 801 1853 869 1886; x_wconf 86' lang='lat' dir='ltr'>aut</span> <span class='ocrx_word' id='word_1_199' title='bbox 890 1849 1218 1889; x_wconf 83' lang='lat' dir='ltr'>concionandum,</span> <span class='ocrx_word' id='word_1_200' title='bbox 1245 1848 1359 1883; x_wconf 83' lang='lat' dir='ltr'>debet</span> <span class='ocrx_word' id='word_1_201' title='bbox 1375 1850 1555 1882; x_wconf 84' lang='lat' dir='ltr'>constare</span> <span class='ocrx_word' id='word_1_202' title='bbox 1571 1845 1853 1891; x_wconf 82' lang='lat' dir='ltr'>experimentis</span> <span class='ocrx_word' id='word_1_203' title='bbox 1874 1855 1946 1881; x_wconf 88' lang='lat' dir='ltr'>nec</span> 
     </span>
    </p>
   </div>
   <div class='ocr_carea' id='block_1_10' title="bbox 228 1904 1944 2020">
    <p class='ocr_par' dir='ltr' id='par_1_11' title="bbox 228 1904 1944 2020">
     <span class='ocr_line' id='line_1_26' title="bbox 228 1904 1944 1958; baseline -0.005 -10"><span class='ocrx_word' id='word_1_204' title='bbox 228 1912 463 1958; x_wconf 85' lang='lat' dir='ltr'>vulgaribus</span> <span class='ocrx_word' id='word_1_205' title='bbox 484 1922 555 1947; x_wconf 86' lang='lat' dir='ltr'>nec</span> <span class='ocrx_word' id='word_1_206' title='bbox 583 1910 791 1946; x_wconf 88' lang='lat' dir='ltr'>mediocris</span> <span class='ocrx_word' id='word_1_207' title='bbox 814 1909 1001 1955; x_wconf 90' lang='lat' dir='ltr'>temporis</span> <span class='ocrx_word' id='word_1_208' title='bbox 1030 1920 1037 1943; x_wconf 91' lang='lat'>:</span> <span class='ocrx_word' id='word_1_209' title='bbox 1068 1908 1117 1944; x_wconf 90' lang='lat' dir='ltr'>ad</span> <span class='ocrx_word' id='word_1_210' title='bbox 1139 1908 1244 1943; x_wconf 89' lang='lat' dir='ltr'>hunc</span> <span class='ocrx_word' id='word_1_211' title='bbox 1266 1907 1384 1942; x_wconf 83' lang='lat' dir='ltr'>finem</span> <span class='ocrx_word' id='word_1_212' title='bbox 1409 1906 1531 1952; x_wconf 81' lang='lat' dir='ltr'>igitur</span> <span class='ocrx_word' id='word_1_213' title='bbox 1555 1906 1761 1941; x_wconf 74' lang='lat' dir='ltr'>differatur</span> <span class='ocrx_word' id='word_1_214' title='bbox 1792 1904 1944 1940; x_wconf 75' lang='lat' dir='ltr'>Proles-</span> 
     </span>
     <span class='ocr_line' id='line_1_27' title="bbox 231 1966 705 2020; baseline -0.006 -12"><span class='ocrx_word' id='word_1_215' title='bbox 231 1973 302 2008; x_wconf 90' lang='lat' dir='ltr'>sio.</span> <span class='ocrx_word' id='word_1_216' title='bbox 326 1969 385 2020; x_wconf 85' lang='lat' dir='ltr'>(C.</span> <span class='ocrx_word' id='word_1_217' title='bbox 407 1971 470 2015; x_wconf 89' lang='lat' dir='ltr'>G.,</span> <span class='ocrx_word' id='word_1_218' title='bbox 495 1971 598 2014; x_wconf 86' lang='lat' dir='ltr'>XIII,</span> <span class='ocrx_word' id='word_1_219' title='bbox 628 1966 705 2018; x_wconf 82' lang='lat'>19.)</span> 
     </span>
    </p>
   </div>
   <div class='ocr_carea' id='block_1_11' title="bbox 232 2046 1950 2459">
    <p class='ocr_par' dir='ltr' id='par_1_12' title="bbox 232 2046 1950 2459">
     <span class='ocr_line' id='line_1_28' title="bbox 284 2046 1944 2096; baseline -0.004 -8"><span class='ocrx_word' id='word_1_220' title='bbox 284 2049 301 2077; x_wconf 64' lang='lat'>4</span> <span class='ocrx_word' id='word_1_221' title='bbox 327 2053 531 2088; x_wconf 84' lang='lat' dir='ltr'>Talentum</span> <span class='ocrx_word' id='word_1_222' title='bbox 564 2051 823 2088; x_wconf 86' lang='lat' dir='ltr'>concionandi</span> <span class='ocrx_word' id='word_1_223' title='bbox 858 2050 1047 2096; x_wconf 85' lang='lat' dir='ltr'>supplens</span> <span class='ocrx_word' id='word_1_224' title='bbox 1077 2049 1297 2085; x_wconf 88' lang='lat' dir='ltr'>doctrinam</span> <span class='ocrx_word' id='word_1_225' title='bbox 1329 2047 1443 2083; x_wconf 88' lang='lat' dir='ltr'>dehet</span> <span class='ocrx_word' id='word_1_226' title='bbox 1473 2056 1559 2082; x_wconf 90' lang='lat' dir='ltr'>esse</span> <span class='ocrx_word' id='word_1_227' title='bbox 1589 2048 1748 2082; x_wconf 84' lang='lat' dir='ltr'>tantum</span> <span class='ocrx_word' id='word_1_228' title='bbox 1780 2049 1822 2082; x_wconf 92' lang='lat' dir='ltr'>ut</span> <span class='ocrx_word' id='word_1_229' title='bbox 1853 2046 1944 2091; x_wconf 88' lang='lat' dir='ltr'>quis</span> 
     </span>
     <span class='ocr_line' id='line_1_29' title="bbox 232 2103 1946 2158; baseline -0.005 -9"><span class='ocrx_word' id='word_1_230' title='bbox 232 2114 335 2150; x_wconf 90' lang='lat' dir='ltr'>inter</span> <span class='ocrx_word' id='word_1_231' title='bbox 354 2112 565 2158; x_wconf 84' lang='lat' dir='ltr'>primarios</span> <span class='ocrx_word' id='word_1_232' title='bbox 582 2111 797 2147; x_wconf 62' lang='lat' dir='ltr'>Provinciae</span> <span class='ocrx_word' id='word_1_233' title='bbox 819 2111 1114 2146; x_wconf 88' lang='lat' dir='ltr'>concionatores</span> <span class='ocrx_word' id='word_1_234' title='bbox 1135 2111 1342 2144; x_wconf 89' lang='lat' dir='ltr'>censeatur</span> <span class='ocrx_word' id='word_1_235' title='bbox 1364 2103 1419 2156; x_wconf 79' lang='grc' dir='ltr'>(α.</span> <span class='ocrx_word' id='word_1_236' title='bbox 1445 2106 1575 2154; x_wconf 76' lang='grc'>1623).</span> <span class='ocrx_word' id='word_1_237' title='bbox 1599 2106 1668 2142; x_wconf 94' lang='lat' dir='ltr'>Ille</span> <span class='ocrx_word' id='word_1_238' title='bbox 1687 2116 1778 2142; x_wconf 87' lang='lat' dir='ltr'>vero</span> <span class='ocrx_word' id='word_1_239' title='bbox 1800 2106 1848 2141; x_wconf 86' lang='lat' dir='ltr'>de</span> <span class='ocrx_word' id='word_1_240' title='bbox 1869 2115 1946 2151; x_wconf 89' lang='lat' dir='ltr'>quo</span> 
     </span>
     <span class='ocr_line' id='line_1_30' title="bbox 232 2166 1946 2217; baseline -0.005 -9"><span class='ocrx_word' id='word_1_241' title='bbox 232 2173 421 2210; x_wconf 86' lang='lat' dir='ltr'>scribitur</span> <span class='ocrx_word' id='word_1_242' title='bbox 448 2172 552 2217; x_wconf 85' lang='lat' dir='ltr'>quod</span> <span class='ocrx_word' id='word_1_243' title='bbox 582 2171 835 2207; x_wconf 82' lang='lat' dir='ltr'>concionetur</span> <span class='ocrx_word' id='word_1_244' title='bbox 864 2180 943 2206; x_wconf 89' lang='lat' dir='ltr'>non</span> <span class='ocrx_word' id='word_1_245' title='bbox 971 2170 1057 2205; x_wconf 90' lang='lat' dir='ltr'>sine</span> <span class='ocrx_word' id='word_1_246' title='bbox 1083 2167 1422 2204; x_wconf 87' lang='lat' dir='ltr'>commendatione</span> <span class='ocrx_word' id='word_1_247' title='bbox 1448 2166 1681 2201; x_wconf 86' lang='lat' dir='ltr'>Nostrorum</span> <span class='ocrx_word' id='word_1_248' title='bbox 1703 2168 1740 2201; x_wconf 90' lang='lat' dir='ltr'>et</span> <span class='ocrx_word' id='word_1_249' title='bbox 1765 2168 1946 2201; x_wconf 88' lang='lat' dir='ltr'>externo-</span> 
     </span>
     <span class='ocr_line' id='line_1_31' title="bbox 233 2225 1947 2277; baseline -0.005 -8"><span class='ocrx_word' id='word_1_250' title='bbox 233 2244 336 2275; x_wconf 90' lang='lat' dir='ltr'>rum,</span> <span class='ocrx_word' id='word_1_251' title='bbox 369 2242 448 2268; x_wconf 93' lang='lat' dir='ltr'>non</span> <span class='ocrx_word' id='word_1_252' title='bbox 478 2233 604 2277; x_wconf 88' lang='lat' dir='ltr'>potest</span> <span class='ocrx_word' id='word_1_253' title='bbox 628 2230 757 2266; x_wconf 86' lang='lat' dir='ltr'>adhuc</span> <span class='ocrx_word' id='word_1_254' title='bbox 788 2230 866 2266; x_wconf 90' lang='lat' dir='ltr'>dici</span> <span class='ocrx_word' id='word_1_255' title='bbox 899 2230 1004 2275; x_wconf 87' lang='lat' dir='ltr'>quod</span> <span class='ocrx_word' id='word_1_256' title='bbox 1038 2229 1180 2264; x_wconf 88' lang='lat' dir='ltr'>habeat</span> <span class='ocrx_word' id='word_1_257' title='bbox 1214 2227 1373 2263; x_wconf 86' lang='lat' dir='ltr'>illustre</span> <span class='ocrx_word' id='word_1_258' title='bbox 1403 2226 1598 2261; x_wconf 88' lang='lat' dir='ltr'>talentum</span> <span class='ocrx_word' id='word_1_259' title='bbox 1631 2225 1748 2271; x_wconf 87' lang='lat' dir='ltr'>quale</span> <span class='ocrx_word' id='word_1_260' title='bbox 1778 2225 1947 2271; x_wconf 90' lang='lat' dir='ltr'>requirit</span> 
     </span>
     <span class='ocr_line' id='line_1_32' title="bbox 232 2286 1948 2339; baseline -0.005 -11"><span class='ocrx_word' id='word_1_261' title='bbox 232 2293 369 2339; x_wconf 88' lang='lat' dir='ltr'>regula</span> <span class='ocrx_word' id='word_1_262' title='bbox 392 2291 438 2326; x_wconf 78' lang='grc' dir='ltr'>ι19</span> <span class='ocrx_word' id='word_1_263' title='bbox 463 2290 721 2326; x_wconf 77' lang='lat' dir='ltr'>Provincialis</span> <span class='ocrx_word' id='word_1_264' title='bbox 748 2292 785 2325; x_wconf 84' lang='lat' dir='ltr'>et</span> <span class='ocrx_word' id='word_1_265' title='bbox 806 2289 1007 2324; x_wconf 86' lang='lat' dir='ltr'>decretum</span> <span class='ocrx_word' id='word_1_266' title='bbox 1035 2288 1084 2324; x_wconf 85' lang='lat'>33</span> <span class='ocrx_word' id='word_1_267' title='bbox 1107 2288 1248 2333; x_wconf 84' lang='lat' dir='ltr'>Congr.</span> <span class='ocrx_word' id='word_1_268' title='bbox 1272 2286 1361 2329; x_wconf 74' lang='lat' dir='ltr'>VII,</span> <span class='ocrx_word' id='word_1_269' title='bbox 1392 2286 1569 2331; x_wconf 86' lang='lat' dir='ltr'>adeoque</span> <span class='ocrx_word' id='word_1_270' title='bbox 1597 2295 1676 2320; x_wconf 90' lang='lat' dir='ltr'>non</span> <span class='ocrx_word' id='word_1_271' title='bbox 1703 2287 1831 2330; x_wconf 88' lang='lat' dir='ltr'>potest</span> <span class='ocrx_word' id='word_1_272' title='bbox 1860 2295 1948 2331; x_wconf 91' lang='lat' dir='ltr'>pro-</span> 
     </span>
     <span class='ocr_line' id='line_1_33' title="bbox 233 2342 1950 2397; baseline -0.005 -9"><span class='ocrx_word' id='word_1_273' title='bbox 233 2352 381 2388; x_wconf 88' lang='lat' dir='ltr'>moveri</span> <span class='ocrx_word' id='word_1_274' title='bbox 401 2351 451 2387; x_wconf 91' lang='lat' dir='ltr'>ad</span> <span class='ocrx_word' id='word_1_275' title='bbox 471 2353 641 2397; x_wconf 89' lang='lat' dir='ltr'>quatuor</span> <span class='ocrx_word' id='word_1_276' title='bbox 659 2352 747 2386; x_wconf 87' lang='lat' dir='ltr'>vota</span> <span class='ocrx_word' id='word_1_277' title='bbox 767 2352 925 2395; x_wconf 89' lang='lat' dir='ltr'>propter</span> <span class='ocrx_word' id='word_1_278' title='bbox 944 2349 1137 2384; x_wconf 89' lang='lat' dir='ltr'>talentum</span> <span class='ocrx_word' id='word_1_279' title='bbox 1156 2345 1417 2383; x_wconf 88' lang='lat' dir='ltr'>concionandi</span> <span class='ocrx_word' id='word_1_280' title='bbox 1434 2342 1490 2393; x_wconf 80' lang='grc' dir='ltr'>(α.</span> <span class='ocrx_word' id='word_1_281' title='bbox 1521 2344 1659 2393; x_wconf 82' lang='grc'>1643);</span> <span class='ocrx_word' id='word_1_282' title='bbox 1683 2355 1754 2380; x_wconf 88' lang='lat' dir='ltr'>nec</span> <span class='ocrx_word' id='word_1_283' title='bbox 1772 2344 1950 2380; x_wconf 86' lang='lat' dir='ltr'>sufficere</span> 
     </span>
     <span class='ocr_line' id='line_1_34' title="bbox 234 2403 1423 2459; baseline -0.007 -11"><span class='ocrx_word' id='word_1_284' title='bbox 234 2414 361 2459; x_wconf 90' lang='lat' dir='ltr'>potest</span> <span class='ocrx_word' id='word_1_285' title='bbox 380 2411 576 2447; x_wconf 87' lang='lat' dir='ltr'>excellens</span> <span class='ocrx_word' id='word_1_286' title='bbox 597 2409 777 2455; x_wconf 89' lang='lat' dir='ltr'>aptitudo</span> <span class='ocrx_word' id='word_1_287' title='bbox 798 2409 848 2444; x_wconf 90' lang='lat' dir='ltr'>ad</span> <span class='ocrx_word' id='word_1_288' title='bbox 870 2409 1079 2444; x_wconf 89' lang='lat' dir='ltr'>missiones</span> <span class='ocrx_word' id='word_1_289' title='bbox 1101 2406 1146 2455; x_wconf 79' lang='lat' dir='ltr'>(f.</span> <span class='ocrx_word' id='word_1_290' title='bbox 1172 2417 1262 2442; x_wconf 91' lang='lat' dir='ltr'>nov.</span> <span class='ocrx_word' id='word_1_291' title='bbox 1288 2403 1423 2454; x_wconf 71' lang='lat'>1832).</span> 
     </span>
    </p>
   </div>
   <div class='ocr_carea' id='block_1_12' title="bbox 237 2484 1951 2718">
    <p class='ocr_par' dir='ltr' id='par_1_13' title="bbox 237 2484 1951 2718">
     <span class='ocr_line' id='line_1_35' title="bbox 289 2484 1950 2538; baseline -0.005 -10"><span class='ocrx_word' id='word_1_292' title='bbox 289 2490 305 2517; x_wconf 82' lang='grc'><strong>5</strong></span> <span class='ocrx_word' id='word_1_293' title='bbox 326 2492 549 2538; x_wconf 88' lang='lat' dir='ltr'>Antequam</span> <span class='ocrx_word' id='word_1_294' title='bbox 575 2490 758 2526; x_wconf 89' lang='lat' dir='ltr'>ederetur</span> <span class='ocrx_word' id='word_1_295' title='bbox 785 2490 857 2525; x_wconf 88' lang='lat' dir='ltr'>hoc</span> <span class='ocrx_word' id='word_1_296' title='bbox 884 2490 1083 2525; x_wconf 85' lang='lat' dir='ltr'>decretum</span> <span class='ocrx_word' id='word_1_297' title='bbox 1106 2488 1147 2524; x_wconf 92' lang='lat' dir='ltr'>C.</span> <span class='ocrx_word' id='word_1_298' title='bbox 1172 2487 1235 2531; x_wconf 91' lang='lat' dir='ltr'>G.,</span> <span class='ocrx_word' id='word_1_299' title='bbox 1263 2487 1326 2530; x_wconf 77' lang='lat'>12,</span> <span class='ocrx_word' id='word_1_300' title='bbox 1350 2486 1415 2528; x_wconf 77' lang='lat'>23,</span> <span class='ocrx_word' id='word_1_301' title='bbox 1443 2487 1690 2521; x_wconf 84' lang='lat' dir='ltr'>concesserat</span> <span class='ocrx_word' id='word_1_302' title='bbox 1716 2484 1756 2520; x_wconf 92' lang='lat' dir='ltr'>P.</span> <span class='ocrx_word' id='word_1_303' title='bbox 1781 2485 1950 2520; x_wconf 85' lang='lat' dir='ltr'>Piccolo-</span> 
     </span>
     <span class='ocr_line' id='line_1_36' title="bbox 239 2544 1951 2595; baseline -0.006 -7"><span class='ocrx_word' id='word_1_304' title='bbox 239 2552 336 2590; x_wconf 91' lang='lat' dir='ltr'>mini</span> <span class='ocrx_word' id='word_1_305' title='bbox 356 2562 403 2588; x_wconf 85' lang='lat' dir='ltr'>ex</span> <span class='ocrx_word' id='word_1_306' title='bbox 429 2550 608 2587; x_wconf 85' lang='lat' dir='ltr'>consulto</span> <span class='ocrx_word' id='word_1_307' title='bbox 629 2549 928 2592; x_wconf 87' lang='lat' dir='ltr'>Assistentium,</span> <span class='ocrx_word' id='word_1_308' title='bbox 953 2552 996 2585; x_wconf 94' lang='lat' dir='ltr'>ut</span> <span class='ocrx_word' id='word_1_309' title='bbox 1017 2550 1315 2595; x_wconf 77' lang='lat' dir='ltr'>promoveretur</span> <span class='ocrx_word' id='word_1_310' title='bbox 1336 2545 1562 2581; x_wconf 86' lang='lat' dir='ltr'>licentiatus</span> <span class='ocrx_word' id='word_1_311' title='bbox 1592 2544 1888 2580; x_wconf 84' lang='lat' dir='ltr'>Salmaticensis</span> <span class='ocrx_word' id='word_1_312' title='bbox 1910 2544 1951 2579; x_wconf 91' lang='lat' dir='ltr'>in</span> 
     </span>
     <span class='ocr_line' id='line_1_37' title="bbox 237 2604 1951 2659; baseline -0.006 -10"><span class='ocrx_word' id='word_1_313' title='bbox 237 2613 325 2659; x_wconf 77' lang='lat' dir='ltr'>jure</span> <span class='ocrx_word' id='word_1_314' title='bbox 344 2611 531 2648; x_wconf 90' lang='lat' dir='ltr'>canonico</span> <span class='ocrx_word' id='word_1_315' title='bbox 552 2610 619 2656; x_wconf 88' lang='lat' dir='ltr'>qui</span> <span class='ocrx_word' id='word_1_316' title='bbox 640 2608 751 2644; x_wconf 90' lang='lat' dir='ltr'>nulla</span> <span class='ocrx_word' id='word_1_317' title='bbox 779 2609 911 2644; x_wconf 90' lang='lat' dir='ltr'>studia</span> <span class='ocrx_word' id='word_1_318' title='bbox 940 2608 1159 2654; x_wconf 88' lang='lat' dir='ltr'>theologica</span> <span class='ocrx_word' id='word_1_319' title='bbox 1180 2607 1221 2642; x_wconf 93' lang='lat' dir='ltr'>in</span> <span class='ocrx_word' id='word_1_320' title='bbox 1243 2606 1435 2642; x_wconf 85' lang='lat' dir='ltr'>Societate</span> <span class='ocrx_word' id='word_1_321' title='bbox 1456 2607 1674 2650; x_wconf 85' lang='lat' dir='ltr'>peregerat,</span> <span class='ocrx_word' id='word_1_322' title='bbox 1697 2614 1767 2639; x_wconf 90' lang='lat' dir='ltr'>nec</span> <span class='ocrx_word' id='word_1_323' title='bbox 1788 2604 1951 2640; x_wconf 88' lang='lat' dir='ltr'>deerant</span> 
     </span>
     <span class='ocr_line' id='line_1_38' title="bbox 238 2665 1037 2718; baseline -0.008 -9"><span class='ocrx_word' id='word_1_324' title='bbox 238 2671 418 2717; x_wconf 89' lang='lat' dir='ltr'>exempla</span> <span class='ocrx_word' id='word_1_325' title='bbox 438 2671 480 2706; x_wconf 91' lang='lat' dir='ltr'>in</span> <span class='ocrx_word' id='word_1_326' title='bbox 501 2670 574 2705; x_wconf 89' lang='lat' dir='ltr'>hac</span> <span class='ocrx_word' id='word_1_327' title='bbox 593 2668 799 2704; x_wconf 86' lang='lat' dir='ltr'>Provincia</span> <span class='ocrx_word' id='word_1_328' title='bbox 819 2665 876 2717; x_wconf 82' lang='lat' dir='ltr'>(a.</span> <span class='ocrx_word' id='word_1_329' title='bbox 902 2666 1037 2718; x_wconf 83' lang='lat'>1650).</span> 
     </span>
    </p>
   </div>
   <div class='ocr_carea' id='block_1_13' title="bbox 241 2742 1954 2858">
    <p class='ocr_par' dir='ltr' id='par_1_14' title="bbox 241 2742 1954 2858">
     <span class='ocr_line' id='line_1_39' title="bbox 293 2742 1954 2797; baseline -0.004 -10"><span class='ocrx_word' id='word_1_330' title='bbox 293 2751 309 2777; x_wconf 78' lang='lat' dir='ltr'>ss</span> <span class='ocrx_word' id='word_1_331' title='bbox 333 2753 375 2788; x_wconf 93' lang='lat' dir='ltr'>Id</span> <span class='ocrx_word' id='word_1_332' title='bbox 400 2752 480 2797; x_wconf 81' lang='lat' dir='ltr'>jam</span> <span class='ocrx_word' id='word_1_333' title='bbox 500 2750 716 2786; x_wconf 81' lang='lat' dir='ltr'>Provinciae</span> <span class='ocrx_word' id='word_1_334' title='bbox 736 2749 894 2785; x_wconf 81' lang='lat' dir='ltr'>Venetae</span> <span class='ocrx_word' id='word_1_335' title='bbox 918 2752 1106 2795; x_wconf 87' lang='lat' dir='ltr'>negatum</span> <span class='ocrx_word' id='word_1_336' title='bbox 1134 2748 1261 2783; x_wconf 83' lang='lat' dir='ltr'>fuerat</span> <span class='ocrx_word' id='word_1_337' title='bbox 1282 2744 1339 2795; x_wconf 86' lang='grc' dir='ltr'>(α.</span> <span class='ocrx_word' id='word_1_338' title='bbox 1369 2742 1502 2794; x_wconf 91' lang='lat'>1661).</span> <span class='ocrx_word' id='word_1_339' title='bbox 1527 2744 1728 2779; x_wconf 84' lang='lat' dir='ltr'>Statutum</span> <span class='ocrx_word' id='word_1_340' title='bbox 1750 2754 1866 2790; x_wconf 89' lang='lat' dir='ltr'>porro</span> <span class='ocrx_word' id='word_1_341' title='bbox 1894 2747 1954 2780; x_wconf 86' lang='lat' dir='ltr'>est</span> 
     </span>
     <span class='ocr_line' id='line_1_40' title="bbox 241 2803 1954 2858; baseline -0.005 -10"><span class='ocrx_word' id='word_1_342' title='bbox 241 2816 284 2849; x_wconf 91' lang='lat' dir='ltr'>ut</span> <span class='ocrx_word' id='word_1_343' title='bbox 311 2813 345 2848; x_wconf 92' lang='lat' dir='ltr'>si</span> <span class='ocrx_word' id='word_1_344' title='bbox 373 2812 462 2858; x_wconf 88' lang='lat' dir='ltr'>quis</span> <span class='ocrx_word' id='word_1_345' title='bbox 486 2810 643 2846; x_wconf 83' lang='lat' dir='ltr'>excellit</span> <span class='ocrx_word' id='word_1_346' title='bbox 671 2810 713 2844; x_wconf 88' lang='lat' dir='ltr'>in</span> <span class='ocrx_word' id='word_1_347' title='bbox 744 2809 991 2854; x_wconf 87' lang='lat' dir='ltr'>philosophia</span> <span class='ocrx_word' id='word_1_348' title='bbox 1021 2812 1058 2844; x_wconf 86' lang='lat' dir='ltr'>et</span> <span class='ocrx_word' id='word_1_349' title='bbox 1084 2808 1126 2843; x_wconf 93' lang='lat' dir='ltr'>in</span> <span class='ocrx_word' id='word_1_350' title='bbox 1157 2806 1371 2852; x_wconf 88' lang='lat' dir='ltr'>theologia,</span> <span class='ocrx_word' id='word_1_351' title='bbox 1405 2804 1473 2840; x_wconf 90' lang='lat' dir='ltr'>sed</span> <span class='ocrx_word' id='word_1_352' title='bbox 1505 2803 1545 2838; x_wconf 90' lang='lat' dir='ltr'>in</span> <span class='ocrx_word' id='word_1_353' title='bbox 1573 2803 1737 2849; x_wconf 68' lang='lat' dir='ltr'>physica</span> <span class='ocrx_word' id='word_1_354' title='bbox 1765 2804 1954 2839; x_wconf 89' lang='lat' dir='ltr'>moderna</span> 
     </span>
    </p>
   </div>
   <div class='ocr_carea' id='block_1_14' title="bbox 242 2862 1954 2980">
    <p class='ocr_par' dir='ltr' id='par_1_15' title="bbox 242 2862 1954 2980">
     <span class='ocr_line' id='line_1_41' title="bbox 242 2862 1954 2914; baseline -0.006 -5"><span class='ocrx_word' id='word_1_355' title='bbox 242 2873 352 2909; x_wconf 91' lang='lat' dir='ltr'>nullo</span> <span class='ocrx_word' id='word_1_356' title='bbox 378 2871 507 2914; x_wconf 88' lang='lat' dir='ltr'>modo,</span> <span class='ocrx_word' id='word_1_357' title='bbox 531 2870 589 2905; x_wconf 85' lang='lat' dir='ltr'>vel</span> <span class='ocrx_word' id='word_1_358' title='bbox 618 2869 746 2904; x_wconf 86' lang='lat' dir='ltr'>solum</span> <span class='ocrx_word' id='word_1_359' title='bbox 774 2868 1022 2904; x_wconf 88' lang='lat' dir='ltr'>mediocriter</span> <span class='ocrx_word' id='word_1_360' title='bbox 1043 2870 1225 2904; x_wconf 87' lang='lat' dir='ltr'>versatus</span> <span class='ocrx_word' id='word_1_361' title='bbox 1251 2867 1454 2911; x_wconf 86' lang='lat' dir='ltr'>appareat,</span> <span class='ocrx_word' id='word_1_362' title='bbox 1480 2863 1519 2898; x_wconf 88' lang='lat' dir='ltr'>id</span> <span class='ocrx_word' id='word_1_363' title='bbox 1548 2862 1588 2897; x_wconf 91' lang='lat' dir='ltr'>in</span> <span class='ocrx_word' id='word_1_364' title='bbox 1612 2863 1800 2909; x_wconf 72' lang='lat' dir='ltr'>suffragio</span> <span class='ocrx_word' id='word_1_365' title='bbox 1827 2863 1954 2899; x_wconf 85' lang='lat' dir='ltr'>decla-</span> 
     </span>
     <span class='ocr_line' id='line_1_42' title="bbox 244 2927 978 2980; baseline -0.007 -11"><span class='ocrx_word' id='word_1_366' title='bbox 244 2935 353 2969; x_wconf 89' lang='lat' dir='ltr'>retur</span> <span class='ocrx_word' id='word_1_367' title='bbox 374 2927 527 2980; x_wconf 83' lang='lat'>(1841).</span> <span class='ocrx_word' id='word_1_368' title='bbox 556 2929 612 2964; x_wconf 84' lang='lat' dir='ltr'>Ct.</span> <span class='ocrx_word' id='word_1_369' title='bbox 638 2928 677 2963; x_wconf 93' lang='lat' dir='ltr'>C.</span> <span class='ocrx_word' id='word_1_370' title='bbox 701 2928 764 2972; x_wconf 88' lang='lat' dir='ltr'>G.,</span> <span class='ocrx_word' id='word_1_371' title='bbox 786 2927 888 2971; x_wconf 90' lang='lat' dir='ltr'>XXI,</span> <span class='ocrx_word' id='word_1_372' title='bbox 915 2927 978 2964; x_wconf 88' lang='lat'>18.</span> 
     </span>
    </p>
   </div>
   <div class='ocr_carea' id='block_1_15' title="bbox 297 3002 1956 3055">
    <p class='ocr_par' dir='ltr' id='par_1_16' title="bbox 297 3002 1956 3055">
     <span class='ocr_line' id='line_1_43' title="bbox 297 3002 1956 3055; baseline -0.005 -7"><span class='ocrx_word' id='word_1_373' title='bbox 297 3011 312 3038; x_wconf 82' lang='grc'><strong>7</strong></span> <span class='ocrx_word' id='word_1_374' title='bbox 333 3011 557 3049; x_wconf 81' lang='lat' dir='ltr'>Universim</span> <span class='ocrx_word' id='word_1_375' title='bbox 585 3013 715 3046; x_wconf 87' lang='lat' dir='ltr'>tamen</span> <span class='ocrx_word' id='word_1_376' title='bbox 743 3009 924 3045; x_wconf 85' lang='lat' dir='ltr'>Doctores</span> <span class='ocrx_word' id='word_1_377' title='bbox 951 3007 1156 3055; x_wconf 60' lang='lat' dir='ltr'>theologia?</span> <span class='ocrx_word' id='word_1_378' title='bbox 1184 3007 1234 3042; x_wconf 84' lang='lat' dir='ltr'>ab</span> <span class='ocrx_word' id='word_1_379' title='bbox 1256 3005 1437 3042; x_wconf 83' lang='lat' dir='ltr'>examine</span> <span class='ocrx_word' id='word_1_380' title='bbox 1463 3003 1503 3039; x_wconf 91' lang='lat' dir='ltr'>in</span> <span class='ocrx_word' id='word_1_381' title='bbox 1533 3002 1723 3039; x_wconf 87' lang='lat' dir='ltr'>Societate</span> <span class='ocrx_word' id='word_1_382' title='bbox 1751 3003 1956 3040; x_wconf 90' lang='lat' dir='ltr'>subeundo</span> 
     </span>
    </p>
   </div>
   <div class='ocr_carea' id='block_1_16' title="bbox 1992 979 2045 1006">
    <p class='ocr_par' dir='ltr' id='par_1_17' title="bbox 1992 979 2045 1006">
     <span class='ocr_line' id='line_1_44' title="bbox 1992 979 2045 1006; baseline 0 0"><span class='ocrx_word' id='word_1_383' title='bbox 1992 979 2045 1006; x_wconf 43' lang='lat'>&#39;74</span> 
     </span>
    </p>
   </div>
  </div>
 </body>
</html>
