2145 3366
18 1003 70 1041 nimis

7 1063 71 1099 lillilur

7 1134 26 1158 uc
39 1124 70 1160 loll

6 1185 70 1219 rutina-

19 1245 70 1279 §cllo-

11 1305 53 1339 11141
65 1316 69 1342 ;

7 1376 35 1400 ull}
48 1365 70 1400 all

20 1487 70 1521 tenio

8 1559 27 1585 ur
40 1547 70 1584 hos

6 1752 24 1789 tl
34 1745 71 1788 lll-

2 1822 70 1869 «3111111

597 258 652 285 nr.
685 257 738 284 ni:
769 254 1022 284 ‘rt-:Mromm
1059 253 1101 281 ικ
1135 251 1364 279 ‹zeum-:uus
1757 235 1835 273 4133

137 353 258 360 ῤ’,

12 437 70 461 ‘¹²
132 437 284 491 Proo,
308 435 350 478 23.
376 462 431 467 --
451 435 505 478 R.
531 434 683 489 Pron,
704 433 767 485 6.)
787 431 873 490 (Cl'.
898 444 1054 489 supra,
1079 430 1128 473 P.
1156 442 1206 485 11,
1229 444 1268 472 c.
1289 429 1332 472 2.
1352 454 1407 459 —
1428 426 1548 470 Etr.
1579 439 1639 479 lv,
1662 439 1708 467 lt.
1729 423 1832 467 251.

191 513 374 558 Nostris
409 518 564 556 tamen
603 510 786 568 corpori
822 508 1083 553 neeessaria
1120 506 1557 554 subministrentur,
1595 503 1656 546 ita
1691 506 1743 545 ut
1779 501 1839 544 sit

131 590 272 636 simut
303 591 349 633 in
377 604 467 648 quo
499 589 722 647 probetur
748 588 895 631 virtus
923 592 967 631 et
994 587 1041 629 in
1066 599 1158 643 quo
1188 588 1478 627 sustentetur
1504 586 1686 624 natura.
1713 579 1834 634 (Ex.,

134 682 195 724 lv,
227 668 300 712 26.
335 694 391 700 —
427 667 539 721 Cst.,
574 667 660 721 III,
695 679 745 721 ΙΙ,
778 665 840 718 3.)
884 663 1122 721 Quidquid
1162 660 1397 705 mundum
1438 672 1602 716 sapere
1634 657 1835 712 videtur,

51 756 70 771 ·’·
134 746 239 791 sorti
264 759 403 790 manu
426 743 735 789 resecandum
759 748 842 788 est.
867 742 938 801 (P.
964 740 1152 795 Martin,
1177 739 1339 783 Ordin.
1364 751 1447 795 pro
1474 742 1636 793 temp,
1661 734 1755 787 28.)

186 884 197 910 1
221 885 358 921 Rector
377 884 537 930 Collegii
559 883 806 919 mediocriter
828 882 962 918 divitis
984 891 1061 917 non
1084 883 1210 927 potest
1231 880 1381 924 absque
1399 876 1659 913 Provincialis
1681 874 1840 910 licentia

134 948 270 981 mutuo
293 945 466 990 accipere
488 944 592 979 ultra
614 943 877 989 quadraginta
898 951 1053 983 aureos,
1077 944 1137 976 ter
1158 941 1199 975 in
1220 949 1324 974 anno
1348 935 1494 987 (1607).
1527 935 1661 980 Quoad
1684 936 1839 976 caetera,

134 1004 411 1041 determinabit
433 1003 689 1038 Provincialis
713 1000 763 1051 ia.
791 1001 917 1048 1618).
940 1000 1011 1044 Qui
1032 1000 1180 1045 absque
1201 998 1360 1034 lieentia
1381 1007 1450 1032 nec
1473 995 1630 1041 urgenti
1653 995 1700 1030 do
1722 1003 1842 1029 causa

135 1065 265 1100 debita
286 1063 479 1100 contraxit
499 1063 548 1098 ad
576 1062 699 1097 14000
721 1062 789 1097 lib.
812 1060 1030 1107 privandus
1048 1060 1120 1095 [uit
1141 1058 1266 1094 officio
1287 1060 1323 1093 et
1343 1066 1434 1092 voce
1455 1056 1583 1092 activa
1605 1057 1641 1090 et
1664 1054 1840 1100 passiva,

135 1124 185 1160 ad
206 1124 448 1159 voluntatem
471 1122 674 1158 Generalis
698 1119 748 1169 (a.
778 1118 904 1168 1659).

192 1195 208 1216 «ι
227 1183 275 1219 Ut
297 1183 465 1228 practice
482 1185 518 1217 et
540 1182 641 1217 serio
662 1180 892 1216 consulatur
913 1179 1131 1225 prudentia}
1153 1180 1189 1213 et
1211 1176 1446 1223 paupertati,
1472 1175 1702 1221 prohibetur
1724 1173 1844 1218 Supe-

136 1243 307 1278 rioribus
334 1242 525 1277 localibus
555 1252 585 1277 ω
603 1241 762 1281 liticare,
786 1250 941 1281 ornare,
966 1238 1123 1274 reticere
1151 1238 1255 1273 ultra
1283 1236 1358 1271 500
1388 1236 1558 1276 francos,
1590 1234 1667 1269 nisi
1698 1232 1846 1268 auditis

135 1302 437 1338 Consultoribus
458 1304 494 1337 et
515 1301 758 1347 approbante
779 1299 1026 1336 Provinciali.
1056 1311 1070 1331 υ
1098 1295 1150 1346 (P.
1176 1297 1318 1339 Beckx,
1341 1296 1387 1332 27
1413 1295 1504 1331 maii
1533 1294 1646 1337 1858,
1677 1293 1727 1329 ad
1755 1293 1846 1329 Pro-

137 1362 326 1400 vinciales
349 1359 514 1408 Galliae.fl

189 1443 205 1471 ἓ
226 1446 458 1482 Contractus
489 1447 697 1491 perpetuos
725 1444 863 1480 Rei-tor
892 1453 970 1478 non
1001 1443 1170 1478 celebret
1195 1441 1345 1487 absque
1373 1449 1536 1476 suorum
1565 1439 1846 1475 Consultorum

137 1506 418 1543 deliberatione
430 1508 466 1541 et
479 1504 734 1540 Provincialis
749 1503 1045 1549 approbatione,
1063 1502 1261 1538 autetiam
1276 1500 1494 1541 Generalis,
1510 1499 1543 1535 si
1565 1509 1626 1534 res
1650 1497 1847 1543 sitmagni

140 1566 327 1602 momenti
358 1563 428 1614 (In.
451 1565 581 1610 Temp.
607 1564 731 1603 Rect..
755 1561 867 1607 ete.l;
901 1565 938 1598 et
970 1563 1236 1597 instrumenta
1264 1561 1426 1596 Romam
1450 1560 1673 1594 mittantur.
1700 1557 1846 1592 Nihilo-

141 1626 302 1661 minus:
331 1638 345 1658 «
370 1625 429 1660 Ad
457 1624 667 1670 quaesitum
697 1623 748 1658 ΗΞ
780 1623 829 1658 Vsse
859 1633 909 1657 an
937 1623 1075 1657 Rector
1106 1621 1234 1656 iniens
1264 1622 1510 1656 contractum
1538 1619 1622 1654 sine
1653 1627 1849 1653 consensu

138 1684 411 1728 Provincialis‚
441 1684 501 1719 vel
532 1683 651 1719 etiam
672 1683 757 1729 ipso
785 1682 1090 1724 contradicente,
1115 1680 1221 1716 licite
1249 1690 1292 1715 ac
1318 1679 1437 1715 etiam
1465 1678 1595 1714 valide
1623 1677 1845 1718 contrahat,

138 1744 355 1791 respondeo
380 1755 387 1779 :
413 1743 619 1780 Ordinarie
640 1742 835 1788 loquendo
862 1741 1093 1777 contrahere
1114 1740 1266 1783 valide;
1298 1739 1389 1785 quia
1412 1739 1551 1774 Rector
1577 1747 1734 1773 omnem
1760 1746 1850 1771 con-

142 1804 323 1841 trahendi
350 1804 467 1839 habet
488 1803 761 1839 auctoritatem
789 1812 857 1847 per
883 1804 1062 1847 patentes
1090 1811 1112 1836 a
1146 1799 1358 1845 Praeposito
1385 1798 1575 1844 generali,
1606 1807 1685 1832 non
1713 1807 1734 1832 a
1760 1796 1851 1831 Pro-

141 1864 301 1900 vinciali
326 1875 333 1898 :
365 1863 456 1899 facit
484 1865 616 1898 tamen
643 1862 794 1905 illicite,
818 1872 907 1897 cum
932 1871 979 1896 ex
1001 1861 1094 1906 Reg.
1119 1860 1235 1895 officii
1263 1859 1324 1895 sui
1348 1859 1413 1901 63,
1443 1860 1625 1894 teneatur
1646 1856 1852 1892 consulere

141 1923 426 1960 Provincialem
450 1921 685 1957 nominatim
707 1921 748 1956 in
771 1920 1039 1956 contractibus
1060 1919 1265 1961 iaciendis,
1291 1918 1432 1954 saltem
1458 1917 1619 1962 majoris
1645 1915 1847 1957 momenti,

142 1986 299 2020 tenetur
328 1992 482 2028 quoque
512 1982 553 2017 in
583 1981 724 2016 iisdem
752 1981 835 2026 ipse
864 1980 1021 2016 obedire
1052 1978 1301 2014 Provinciali.
1344 1991 1359 2010 »
1398 1977 1451 2023 (a.
1486 1977 1690 2019 Lithuan.,
1716 1975 1736 2012 7
1761 1975 1853 2010 maii

148 2042 279 2087 1644.)
302 2055 316 2075 «
340 2042 572 2077 Contractus
593 2051 691 2086 quos
710 2041 849 2076 Rector
870 2051 917 2076 ex
936 2039 1122 2075 facultate
1139 2038 1256 2074 officii
1277 2038 1340 2073 sui
1361 2037 1462 2073 inire
1486 2039 1626 2083 potest,
1652 2046 1731 2071 non
1753 2035 1853 2071 indi-

143 2105 235 2149 gent
253 2102 550 2138 confirmatione
570 2100 841 2136 Provincialis.
870 2113 883 2132 »
909 2100 963 2145 (α.
986 2099 1161 2142 Flandr.,
1187 2098 1232 2134 21
1255 2098 1338 2134 dec.
1369 2096 1501 2142 1620.)
1530 2096 1579 2131 At
1602 2096 1728 2132 recole
1750 2095 1853 2130 dicta

144 2163 185 2198 in
206 2161 370 2208 praeced.
395 2171 498 2207 resp.
523 2164 560 2197 et
585 2161 624 2196 in
652 2163 744 2196 nota
766 2160 930 2206 praeced.
961 2172 975 2192 «
1001 2159 1236 2195 Contractus
1261 2168 1340 2193 non
1363 2156 1459 2193 fiant
1481 2156 1640 2192 nomine
1667 2156 1855 2191 Procura-

144 2222 242 2258 toris
264 2221 330 2257 sed
354 2221 529 2257 Rectoris
556 2234 570 2253 »
596 2221 648 2266 (α.
677 2220 723 2255 15
745 2220 830 2265 jun.
858 2219 994 2264 1591).

203 2294 217 2314 α
245 2281 407 2325 Quando
425 2290 513 2316 cum
534 2280 686 2315 Nostris
707 2282 932 2315 contractus
955 2279 1143 2314 ineuntur
1164 2278 1268 2313 inter
1289 2276 1473 2322 Collegia.
1499 2275 1650 2311 servari
1673 2274 1857 2310 convenit

146 2351 234 2387 quae
264 2341 447 2376 universe
479 2339 673 2375 servanda
704 2339 1018 2385 praescribuntur
1048 2338 1088 2373 in
1116 2337 1400 2379 contractibus,
1431 2335 1594 2381 perinde
1621 2338 1739 2380 atque
1766 2344 1855 2369 cum

146 2400 321 2437 externis
349 2400 402 2445 ((ι.
427 2400 563 2435 Franc.
594 2399 721 2444 1607).
754 2398 797 2434 Et
820 2399 868 2434 ci.
895 2399 940 2434 A.
965 2398 1009 2434 R.
1035 2398 1074 2434 P.
1100 2397 1260 2436 Martin,
1285 2396 1377 2432 Ord.
1402 2405 1472 2441 pro
1497 2398 1634 2441 temp,
1659 2405 1699 2430 n.
1728 2393 1790 2437 18,
1817 2394 1853 2436 4,

147 2461 195 2497 de
215 2460 346 2495 indole
367 2458 619 2505 proprietatis
641 2458 956 2504 uniuscujusque
976 2457 1140 2493 seorsim
1163 2456 1316 2501 collegii
1338 2456 1542 2491 domusve.

201 2520 305 2556 Nihil
329 2522 483 2554 ematur
509 2518 803 2564 oppignerando
832 2518 933 2553 bona
963 2517 1139 2563 Collegii‚
1164 2516 1242 2551 nisi
1271 2516 1370 2551 torte
1396 2525 1443 2550 ex
1465 2514 1612 2560 praedio
1639 2514 1724 2560 ipso
1752 2514 1857 2559 quod

148 2579 294 2616 emitur
327 2578 426 2614 solvi
460 2581 564 2613 certo
602 2577 726 2623 possit
763 2587 925 2619 census,
963 2577 1185 2622 usquedum
1223 2575 1391 2621 capitale
1427 2575 1605 2610 solvatur
1642 2574 1692 2619 (a.
1725 2573 1856 2619 1626).

153 2652 169 2673 α
194 2639 277 2674 Non
304 2638 393 2674 licet
422 2637 701 2683 Superioribus
727 2636 876 2682 absque
906 2645 1093 2682 expressa
1114 2635 1228 2671 venia
1250 2633 1454 2670 Generalis
1483 2633 1563 2668 ullo
1590 2642 1711 2668 censu
1740 2633 1858 2668 etiam

150 2698 333 2740 vitalino,
367 2697 624 2743 quantumvis
654 2697 809 2741 exiguo,
843 2695 1104 2741 Collegiorum
1135 2704 1297 2730 suorum
1329 2694 1430 2729 bona
1461 2702 1626 2738 gravare
1651 2703 1659 2727 ε
1689 2703 1778 2728 cum
1809 2692 1861 2728 sit

151 2767 286 2794 revera
315 2766 528 2802 gravamen
561 2758 599 2791 et
629 2755 903 2801 oppignoratio
936 2755 1143 2797 bonorum,
1180 2753 1284 2799 quod
1320 2753 1428 2789 solus
1460 2752 1663 2787 Generalis
1698 2762 1786 2787 cum
1818 2752 1859 2788 in

152 2817 373 2852 evidentem
395 2815 520 2861 vergit
541 2815 702 2861 Collegii
723 2814 936 2849 utilitatem
958 2814 1168 2849 concedere
1190 2815 1317 2859 potest
1343 2825 1358 2845 »
1389 2813 1442 2857 (α.
1470 2811 1597 2857 1618).
1626 2824 1641 2844 «
1667 2811 1749 2846 Non
1771 2811 1862 2847 licet

153 2876 301 2921 absque
322 2875 435 2911 venia
458 2874 660 2910 Generalis
682 2874 841 2909 domum
863 2873 1038 2919 aliquam
1058 2884 1094 2908 v.
1119 2883 1157 2919 g.
1181 2882 1308 2908 emere
1336 2871 1502 2917 pecunia
1525 2874 1682 2916 sumpta
1702 2871 1752 2906 ad
1773 2881 1862 2906 cen-

155 2945 257 2977 sum,
289 2945 376 2980 quae
408 2934 668 2969 communiter
696 2933 835 2968 deinde
865 2943 910 2967 ex
942 2933 1134 2968 locatione
1165 2932 1273 2967 illius
1304 2931 1444 2966 domus
1476 2931 1574 2966 solvi
1604 2931 1741 2977 possit,
1773 2941 1861 2966 cum

155 2994 353 3030 ordinarie
380 2994 498 3030 etiam
527 2993 677 3039 reliqua
702 2993 802 3028 bona
830 2995 971 3038 pra21er
998 2992 1156 3027 domum
1185 2991 1294 3026 illam
1322 2991 1573 3037 oppignorari
1605 2991 1770 3026 debcant
1793 3000 1863 3036 pro

1897 878 1949 904 5212
