2145 3366
0 1276 23 1321 11.

666 274 928 302 l’AUl'lCHTAS
962 275 1014 301 EX
1053 274 1227 301 tttMH‘tA
1265 274 1306 301 ΙΝ
1341 274 1519 300 (umiduli
1894 265 1939 299 81

238 457 305 493 sed
326 467 373 492 ex
394 455 522 492 officio
544 454 751 490 excludere
773 453 997 498 supertlua;
1023 463 1067 488 ac
1086 452 1250 498 proinde
1278 452 1463 487 subditus
1486 455 1600 487 utens
1624 462 1662 486 re
1682 462 1768 486 cum
1787 451 1945 486 licentia

238 516 368 552 valida
388 514 584 561 (quamvis
607 513 758 558 illicita)
782 523 859 547 non
881 512 961 557 agit
980 515 1109 547 actum
1134 511 1400 557 proprietatis.
1426 512 1496 545 l‘cr
1525 511 1705 545 accidens
1729 513 1872 553 tamen,
1897 511 1945 545 ob

238 576 468 611 scandalum
505 574 564 609 vel
600 572 818 618 periculum
868 572 1148 613 relaxationis,
1188 572 1266 605 turc
1312 571 1567 616 superfluitas
1607 569 1780 612 graviter
1814 580 1945 614 pecca-

238 636 390 671 minosa
425 634 507 668 ticri
543 635 682 678 potest.
709 631 781 677 (Cf.
812 632 970 673 Suarez,
1010 631 1232 673 L.‘V111,c.
1258 641 1296 673 x,
1320 632 1355 665 ct
1390 632 1439 665 De
1475 632 1711 676 Paupertate
1739 629 1946 664 societatis

235 697 338 732 Jcsu.
361 705 401 730 11.
427 693 530 738 187.)

289 763 305 790 ⁶.)
327 766 484 801 Panuus
506 764 675 799 vestium
696 773 774 798 non
794 763 854 799 sid
877 763 1091 798 admodum
1111 763 1322 808 pretiosus,
1342 762 1432 797 licet
1454 762 1621 796 fortasse
1643 760 1947 806 pretisoiordiu-

236 826 315 861 tius
337 826 450 861 duret
475 836 482 859 :
507 824 578 859 hoc
600 826 760 869 propter
781 822 1082 858 aediticationem
1106 823 1158 867 (a.
1189 822 1302 863 1500,
1334 821 1461 866 1620).

290 885 329 919 Si
350 885 465 920 detur
485 893 554 929 pro
585 883 755 928 alicujus
788 882 965 918 vestibus
996 891 1152 927 pannus
1184 881 1424 926 hujusmodi,
1452 880 1682 916 vendendus
1709 882 1767 914 est
1789 882 1856 914 aut
1879 889 1948 924 pro

237 944 350 990 pileis
363 943 639 978 insumendus.
659 949 712 986 (a.
740 941 868 987 1594.)
885 942 967 977 Non
984 945 1077 977 sunt
1092 941 1366 987 permittendae
1387 940 1619 975 chirothecae
1638 941 1748 974 extra
1764 939 1944 976 hiemem,

236 1005 362 1050 (Pi-ov.
398 1003 549 1046 Polou„
589 1012 626 1038 ιι.
668 1001 798 1047 1635.)
828 1002 1023 1047 longaque
1054 1001 1196 1036 itinera
1230 1001 1291 1035 vel
1328 1000 1526 1041 morbum,
1551 1002 1587 1035 et
1618 999 1658 1033 in
1687 998 1742 1033 eis
1764 998 1863 1033 nihil
1898 999 1947 1032 sit

237 1062 424 1098 vanitatis
455 1065 523 1097 aut
554 1061 765 1107 superflua}
792 1060 1083 1096 commoditatis
1115 1060 1167 1105 (a.
1209 1059 1462 1105 1626-1640).
1492 1059 1566 1094 Nec
1588 1058 1841 1103 permittendi
1867 1057 1947 1092 cin-

237 1122 317 1168 guli
337 1132 383 1157 ex
405 1122 611 1157 reticulato
641 1131 757 1166 opere
776 1120 828 1165 ((1.
855 1120 985 1164 1640).
1012 1120 1092 1154 11110
1113 1131 1190 1155 non
1224 1120 1298 1154 tuit
1328 1119 1549 1164 permissus
1580 1128 1692 1160 usus,
1726 1117 1787 1152 vel
1818 1117 1948 1152 mode-

236 1185 362 1225 ratus,
396 1181 518 1227 amyli
548 1192 618 1226 pro
649 1180 864 1216 collaribus
895 1180 1145 1215 indusiorum
1173 1180 1225 1225 (a.
1256 1178 1384 1224 1610),
1421 1181 1457 1213 et
1488 1177 1758 1223 prohibendus
1791 1176 1949 1211 nomine

236 1241 439 1277 Generalis
475 1242 527 1286 (α.
562 1240 690 1285 1625).
740 1239 1028 1275 Subfeinoralia
1068 1242 1105 1275 et
1139 1239 1368 1275 subtibialia
1397 1248 1475 1273 non
1506 1236 1770 1283 permittenda
1800 1235 1948 1280 absque

236 1301 468 1337 necessitate
491 1300 544 1345 (α.
575 1300 703 1345 1597).

288 1361 341 1395 Ne
376 1360 630 1405 permittatur
668 1360 811 1395 habere
846 1369 938 1394 aves
974 1359 1056 1394 sive
1093 1359 1133 1393 in
1176 1358 1391 1401 cubiculis,
1438 1358 1522 1393 sive
1568 1357 1608 1391 in
1659 1356 1948 1391 valetudinario

236 1421 288 1465 (α.
317 1420 434 1461 1581,
462 1419 577 1461 1500,
616 1420 729 1464 1640)
758 1431 765 1454 ;
798 1420 982 1454 Attamen
1005 1419 1244 1454 ramusculis
1271 1421 1308 1453 et
1342 1417 1569 1463 hujusmodi
1600 1416 1689 1450 aliis
1726 1415 1947 1450 oblectandi

235 1482 328 1515 sunt
349 1478 515 1514 infirmi.
540 1479 647 1525 (Reg.
674 1479 747 1515 Int.
774 1478 828 1523 4.)
857 1491 871 1511 «
897 1479 1011 1513 Nullo
1028 1479 1143 1514 modo
1162 1478 1337 1524 permitti
1355 1478 1467 1512 debet
1489 1476 1641 1511 Nostris
1657 1478 1699 1510 ut
1718 1475 1826 1510 alant
1842 1475 1947 1509 domi

234 1549 340 1582 aves,
364 1550 402 1574 v.
420 1549 458 1585 g.
477 1539 695 1581 columbas,
713 1539 870 1583 aliaque
893 1539 1038 1573 similia
1055 1538 1219 1583 privatae
1242 1536 1497 1573 recreationis
1524 1536 1651 1582 gratia
1678 1548 1692 1568 »
1727 1536 1779 1579 (a.
1816 1534 1943 1582 1660).

287 1599 532 1644 Responsum
553 1599 626 1633 fuit
648 1598 862 1633 Provinciae
886 1598 1060 1633 Franciae
1081 1608 1158 1633 non
1181 1607 1267 1633 esse
1288 1598 1328 1632 in
1350 1599 1542 1642 potestate
1563 1594 1766 1631 Generalis
1788 1594 1946 1639 permit—

234 1661 314 1693 tere
335 1658 486 1693 Nostris
502 1661 630 1693 vestes
652 1657 861 1693 saeculares
882 1658 923 1692 in
945 1657 1172 1703 regionibus
1195 1657 1414 1699 catholicis,
1434 1656 1501 1691 sed
1516 1655 1725 1701 petendam
1746 1653 1946 1689 licentiam

233 1728 255 1753 a
277 1718 316 1754 S.
342 1718 438 1753 Sede
458 1718 511 1763 (a.
540 1717 670 1763 1648).
702 1718 756 1752 Ex
785 1717 1006 1763 privilegiis
1043 1717 1318 1752 vicennalibus
1351 1716 1491 1751 Leonis
1521 1715 1590 1750 XII
1621 1716 1789 1760 possunt
1815 1713 1945 1748 Nostri

233 1778 296 1813 his
313 1777 440 1820 indui,
466 1778 499 1813 si
519 1778 636 1813 aliter
657 1776 828 1812 transire
850 1780 918 1812 aut
940 1787 1144 1812 remanere
1166 1779 1367 1822 nequeunt
1389 1776 1430 1810 in
1452 1775 1546 1810 locis
1568 1774 1802 1809 Missionum
1830 1784 1837 1807 :
1859 1783 1946 1818 qua}

233 1838 390 1873 licentia
422 1840 554 1873 tamen
584 1847 662 1872 non
693 1837 1008 1872 communicatur
1031 1837 1110 1872 nisi
1133 1836 1181 1872 iis
1203 1836 1243 1871 in
1265 1836 1360 1871 locis
1383 1836 1450 1870 ubi
1474 1834 1643 1870 similem
1667 1833 1705 1869 S.
1731 1833 1771 1869 C.
1790 1833 1838 1868 de
1855 1833 1945 1868 Pro-

232 1898 413 1943 paganda
435 1898 526 1932 Fide
545 1898 756 1932 concedere
777 1897 887 1933 solet.
913 1896 1062 1942 (Comp.
1088 1896 1210 1938 Priv.‚
1242 1907 1279 1932 n.
1307 1895 1416 1940 307.)

286 1972 301 1999 3
321 1976 461 2010 Tabaci
492 1975 644 2010 fumum
679 1985 748 2020 per
784 1975 924 2011 tubum
956 1975 1117 2010 haurire
1148 1974 1222 2010 suh
1250 1977 1443 2020 praecepto
1474 1973 1547 2008 fuit
1579 1972 1672 2007 olim
1702 1970 1944 2016 prohibitum

233 2035 280 2080 (b.
308 2036 345 2081 ἢ,
368 2035 497 2080 1750).

285 2109 301 2136 4
321 2113 408 2148 Haec
429 2112 527 2158 ipsis
549 2112 864 2148 Provincialibus
883 2116 920 2148 et
939 2113 1089 2159 Regum
1110 2112 1370 2148 Contessariis
1391 2114 1533 2157 negata
1560 2111 1717 2146 fuerant
1744 2110 1796 2155 (α.
1826 2107 1941 2151 1633,

235 2172 365 2218 1646).
391 2172 442 2207 De
462 2172 597 2208 eadem
616 2183 658 2208 re
679 2173 728 2208 cf.
747 2173 900 2208 litteras
924 2173 963 2207 P.
984 2173 1113 2208 Beckx
1131 2172 1174 2218 (i,
1195 2172 1217 2207 5
1240 2172 1338 2207 febr.
1366 2171 1481 2217 1860)
1498 2181 1544 2206 ex
1559 2170 1705 2215 quibus
1731 2181 1737 2203 z
1768 2169 1805 2203 1⁰
1827 2168 1945 2213 Supe-

231 2232 312 2267 rior
342 2242 458 2267 usum
488 2231 681 2278 horologii
702 2233 915 2268 concedere
946 2235 1073 2278 potest
1096 2232 1241 2277 quibus
1273 2231 1539 2267 necessarium
1561 2229 1779 2276 judicahit;
1805 2228 1840 2262 2⁰
1862 2228 1943 2262 Non

232 2292 447 2337 accipiatur
468 2291 518 2327 ab
539 2291 715 2327 externis
744 2292 821 2327 nisi
854 2292 900 2327 de
922 2292 1081 2327 licentia
1115 2291 1338 2337 Superioris
1360 2294 1397 2326 et
1419 2280 1473 2326 ad¹
1498 2290 1689 2325 rationem
1720 2289 1811 2324 vitae
1843 2297 1944 2322 com-

232 2351 384 2390 munis:
409 2351 446 2386 3⁰
464 2352 688 2396 Proprietas
710 2354 769 2387 est
792 2362 911 2397 penes
932 2352 1117 2395 domum;
1142 2361 1234 2397 ergo
1256 2362 1336 2386 non
1357 2353 1629 2396 asportantur,
1657 2349 1735 2384 nisi
1757 2359 1805 2384 ex
1825 2347 1945 2382 licen-

232 2411 286 2446 tia
308 2411 531 2456 Superioris
563 2411 753 2457 peculiari
775 2412 822 2447 de
843 2421 977 2455 causa,
1008 2414 1077 2447 aut
1098 2421 1146 2447 ex
1178 2411 1474 2457 dispensatione
1506 2408 1764 2445 Provincialis
1794 2407 1940 2442 intuitu

231 2470 400 2516 alicujus
419 2470 550 2506 officii.

284 2541 299 2566 5
321 2543 409 2578 Jam
430 2552 521 2578 vero
542 2545 586 2578 ut
607 2542 684 2588 ipsi
705 2544 930 2589 paupertati
951 2544 1199 2587 consulatur,
1224 2544 1318 2579 dum
1340 2553 1362 2578 a
1381 2541 1665 2578 consuetudine
1686 2541 1941 2575 honestorum

233 2602 481 2637 sacerdotum
510 2612 590 2637 non
612 2603 848 2646 recedimus,
882 2603 1134 2649 permittitur
1156 2607 1199 2639 ut
1219 2604 1417 2649 duplicem
1445 2604 1593 2637 vestem
1623 2600 1788 2635 talarem
1815 2598 1942 2634 nostri

233 2661 454 2697 sacerdotes
475 2662 671 2706 habeant3
695 2665 732 2698 et
750 2666 941 2708 praeterea
960 2673 1030 2709 pro
1049 2664 1186 2699 aestivo
1205 2667 1379 2709 tempore
1394 2664 1542 2697 vestem
1559 2659 1801 2706 superiorem
1822 2658 1940 2693 levio-

232 2731 329 2764 rem,
354 2721 493 2756 saltem
515 2731 586 2767 pro
607 2721 806 2767 Operariis
828 2722 869 2770 (f,
904 2732 996 2769 aug.
1032 2722 1164 2769 1838).
1194 2744 1240 2748 —
1264 2722 1436 2757 Tolerari
1458 2723 1623 2766 possunt
1644 2722 1829 2765 argentea
1850 2728 1940 2753 con-

233 2780 400 2825 spicilia,
426 2780 458 2815 si
481 2781 530 2817 ab
550 2781 727 2817 honestis
749 2782 1023 2818 sacerdotibus
1045 2782 1194 2828 passim
1211 2784 1468 2827 usurpentur,
1487 2782 1523 2815 et
1538 2782 1754 2815 ceterorum
1770 2778 1940 2824 pretium

232 2850 310 2875 non
330 2840 499 2875 multum
520 2841 727 2876 excedant.
753 2842 807 2886 (P.
834 2841 1020 2885 Substit.‚
1047 2843 1067 2877 7
1091 2843 1174 2878 dec.
1204 2842 1336 2887 1845.)

285 2899 559 2944 Paupertatem
578 2900 619 2935 in
634 2900 858 2936 itinerando
873 2902 1173 2937 commendabat
1189 2902 1226 2937 P.
1255 2901 1480 2946 Anderledy
1496 2899 1639 2935 litteris
1653 2898 1806 2933 24111311
1824 2897 1937 2933 1885.

234 2958 395 2994 Seclusa
425 2959 609 2994 sanitatis
640 2960 806 3003 ratione,
840 2961 987 2996 classes
1018 2962 1263 2996 intermedia*
1291 2961 1332 2996 in
1365 2960 1548 2995 curribus
1579 2959 1640 2994 vel
1672 2958 1841 2993 navibus
1871 2957 1940 2992 eli-

235 3018 386 3066 gendae,
419 3018 556 3065 primae
586 3029 678 3055 vero
705 3019 899 3056 divitibus
933 3021 1217 3067 relinquendae.
1243 3021 1300 3056 Ita
1319 3023 1356 3056 et
1380 3020 1419 3055 P.
1451 3019 1593 3062 Beckx,
1627 3018 1648 3054 4
1676 3017 1793 3064 april.
1822 3016 1937 3054 1874.
