2145 3366
122 1153 176 1181 430

126 2273 172 2300 431

814 707 999 763 CAPUT
1044 706 1357 762 SECUNDUM

370 912 435 945 DE
474 910 965 945 EXERCITATIONIBUS
1002 909 1449 945 SCHOLASTICORUM
1489 909 1797 944 NOSTRORUM

291 1131 326 1176 I.
360 1158 418 1163 —
448 1131 602 1176 Quoad
630 1130 861 1176 rhetoreS.
896 1155 946 1162 —
988 1129 1166 1174 Praeter
1201 1143 1254 1174 ea
1290 1142 1393 1187 quae
1420 1129 1477 1173 ad
1511 1129 1694 1174 scholas
1727 1129 1938 1188 publicas

233 1210 486 1267 pertinent,
511 1208 686 1263 Nostri,
716 1208 766 1251 in
796 1207 967 1265 specie,
998 1207 1247 1265 aliquando
1276 1207 1416 1251 latine
1444 1212 1525 1251 aut
1554 1220 1703 1265 graece
1732 1213 1811 1251 aut
1836 1221 1937 1250 ver-

232 1287 398 1330 naculo
427 1274 661 1341 sermone,
688 1285 738 1328 in
762 1298 926 1328 mensa
953 1290 1034 1329 aut
1059 1285 1107 1328 in
1133 1285 1253 1340 aula,
1278 1284 1542 1328 declament
1562 1285 1619 1328 de
1640 1298 1691 1328 re
1711 1285 1768 1328 ad
1788 1283 1937 1329 aedifi-

231 1363 461 1408 cationem
487 1363 701 1407 faciente.
727 1362 857 1419 (Cst.‚
883 1362 959 1417 IV,
985 1375 1049 1418 vi,
1073 1361 1166 1415 13.)
1194 1361 1271 1405 Bis
1299 1366 1377 1405 aut
1402 1367 1473 1406 ter
1499 1362 1547 1404 in
1577 1375 1700 1405 anno
1732 1361 1939 1405 carmina

230 1441 434 1485 condant
455 1446 500 1485 et
521 1439 729 1499 affigant.
755 1440 837 1492 (st.
859 1439 915 1483 R.
938 1439 1092 1493 Rect.,
1116 1438 1180 1493 8.)
1207 1439 1297 1483 Eos
1324 1439 1469 1483 libros
1497 1438 1651 1497 legant
1673 1452 1791 1497 quos
1817 1438 1939 1482 Prae-

229 1518 378 1562 fectus
398 1517 653 1576 assignabit
668 1516 697 1561 ¹.

290 1595 480 1640 Statutis
510 1594 803 1653 temporibus
842 1593 1086 1638 conferant
1116 1593 1188 1637 vel
1221 1593 1463 1651 disputent
1494 1592 1650 1650 aliquo
1684 1593 1937 1651 dirigente3

229 1686 284 1716 ex
318 1678 528 1730 tempore
568 1672 838 1730 loquantur,
868 1677 949 1715 aut
982 1671 1113 1728 prius
1151 1671 1408 1729 composita
1443 1670 1656 1714 recitent.
1694 1670 1822 1725 (Cst.‚
1860 1670 1936 1725 IV,

229 1763 292 1806 vl,
315 1750 398 1805 123
423 1776 481 1781 -—
502 1749 578 1805 IV,
602 1762 703 1805 XIII,
723 1749 787 1802 3.)
815 1748 910 1792 Sub
938 1747 1080 1792 finem
1112 1748 1392 1803 studiorum,
1417 1753 1665 1806 antequam
1690 1747 1746 1791 ad
1774 1748 1940 1791 docen-

232 1827 314 1871 das
341 1827 524 1871 scholas
552 1826 801 1870 inferiores
826 1826 1089 1883 mittantur,
1115 1825 1311 1884 eligatur
1332 1826 1514 1883 aliquis,
1541 1825 1739 1869 docendi
1760 1825 1941 1882 peritis·
2006 1856 2010 1861 -

230 1905 394 1961 simus,
421 1905 501 1962 qui
529 1918 607 1948 eos
636 1904 692 1947 ad
719 1917 890 1947 novum
918 1903 1234 1946 ministerium
1262 1903 1492 1947 instituat.
1517 1902 1598 1954 (St.
1625 1902 1680 1945 R.
1706 1902 1839 1946 Prov.
1863 1902 1936 1957 30,

229 1982 362 2026 Rect.
385 1983 450 2035 9.)

286 2083 298 2110 ¹
323 2085 406 2121 Non
428 2086 651 2131 promiscue
669 2084 934 2131 permittenda
955 2083 1104 2119 nostris
1123 2083 1347 2129 junioribus
1368 2084 1481 2120 lectio
1500 2086 1719 2126 auctorum,
1740 2093 1788 2119 ne
1806 2093 1941 2119 eorum

230 2145 363 2191 stylus
385 2145 632 2180 adulteretur
660 2144 712 2190 (a.
740 2143 870 2190 1614).

292 2258 349 2301 ΙΙ.
372 2284 430 2289 ——
458 2258 614 2303 Quoad
642 2257 944 2315 philosophos
969 2261 1013 2301 et
1034 2256 1292 2314 theologos.
1310 2281 1363 2289 —
1385 2255 1604 2300 Privatim
1621 2256 1791 2314 singuli
1811 2270 1942 2314 repe-

234 2341 331 2380 tant
367 2349 472 2393 quse
518 2336 566 2378 in
603 2334 776 2378 scholis
815 2334 1066 2387 audierint,
1105 2339 1150 2378 et
1185 2334 1361 2392 digesta
1392 2334 1440 2377 in
1480 2333 1622 2377 libros
1658 2347 1941 2391 papyraceos

236 2412 458 2456 reserant.
486 2412 642 2457 Unum
672 2411 768 2455 fere
797 2411 877 2454 sed
906 2411 1129 2455 selectum
1159 2411 1552 2455 commentarium
1573 2411 1771 2454 rideant.
1803 2411 1941 2454 Futu-

234 2503 333 2532 ram
360 2489 608 2533 lectionem
633 2476 932 2547 praevideant.
959 2487 1089 2543 (Cst.‚
1116 2487 1191 2543 IV,
1216 2501 1279 2539 vi,
1302 2488 1346 2543 8,
1370 2488 1404 2544 Ι,
1424 2488 1506 2541 Μ.)
1527 2487 1666 2532 Curet
1686 2487 1941 2531 Praefectus

234 2571 283 2609 ut
311 2565 455 2609 libros
484 2566 773 2609 necessarios
804 2571 848 2609 et
880 2565 1019 2609 utiles
1053 2565 1272 2621 habeant,
1302 2578 1396 2608 non
1429 2578 1537 2608 vero
1571 2564 1774 2609 inutiles.
1807 2564 1936 2619 (Cst.‚

235 2642 310 2697 IV,
342 2656 405 2698 Π,
437 2643 479 2699 7,
504 2643 578 2696 G.)
613 2643 679 2687 Sit
712 2648 939 2701 praeterea
971 2641 1238 2685 communis
1268 2641 1567 2697 bibliotheca,
1597 2643 1733 2699 cujus
1764 2641 1938 2684 clavem

233 2719 260 2761 ii
300 2720 504 2763 habeant
541 2720 709 2776 quibus
742 2720 913 2763 Rector
952 2719 1249 2762 concesserit.
1292 2719 1413 2761 Huic
1449 2718 1788 2775 amplificandae
1824 2717 1938 2762 certi

234 2796 409 2840 reditus
437 2812 461 2839 a
489 2796 765 2840 Provinciali
793 2795 1174 2853 assignabuntur,
1209 2809 1325 2853 quos
1359 2795 1415 2839 ad
1450 2794 1568 2839 fines
1598 2795 1711 2839 alios
1744 2808 1938 2839 conver—

234 2881 327 2918 tcrc
363 2874 486 2917 nulla
527 2874 706 2918 ratione
734 2873 884 2929 liceat,
915 2873 1035 2917 sicut
1066 2877 1111 2915 ct
1141 2872 1488 2929 ephemeribus,
1518 2872 1934 2929 instrumentisque
