2145 3366
15 463 62 495 ¹Flllla

11 954 57 1000 legra

6 1073 56 1111 1111111

6 1142 56 1180 exp.

10 1196 22 1229 l,
34 1206 55 1231 nv

9 1256 13 1288 1
28 1257 54 1292 vel

5 1321 53 1352 111111

19 1438 52 1472 tri-

13 1500 53 1534 atur

0 1701 51 1742 itque

5 1827 49 1854 ome-

4 1879 49 1923 vige-

7 1938 46 1974 hen.

0 3047 35 3091 ³3?-

814 296 933 323 omm
967 294 1247 322 1η),111«;.ψ1’1(·.1’.κ4
1812 284 1890 320 291)

181 480 276 515 Cum
305 488 394 514 vero
430 480 602 513 sartores
640 477 679 512 in
718 475 843 511 officio
874 485 945 510 suo
975 473 1179 509 silentium
1209 482 1366 507 servare
1397 473 1462 507 vix
1494 472 1660 517 possint.
1698 472 1890 507 submini—

181 538 343 574 stranda
363 540 420 573 est
447 537 543 582 ipsis
565 537 679 572 lectio
700 536 833 581 aliqua
855 536 917 581 pia
939 537 977 571 et
998 543 1169 571 ammna.
1188 535 1225 568 et
1240 534 1401 567 curetur
1422 534 1463 567 ut
1486 532 1609 567 vitent
1631 531 1755 566 otiosa
1777 531 1892 566 collo-

181 599 273 644 quia
294 597 347 644 (a.
375 597 504 643 1584).

232 673 248 700 *3
269 676 338 711 Per
358 685 420 711 res
442 675 685 710 necessarias
709 675 747 709 in
771 674 863 719 Reg.
886 673 935 709 26
957 672 1107 708 Comm.
1134 671 1413 716 intelliguntur
1434 669 1512 705 illa»
1533 679 1620 714 quae
1641 679 1720 704 non
1738 669 1893 714 patiun-

179 740 244 771 tur
266 738 415 771 tantam
441 744 604 776 moram,
629 734 751 770 donec
773 736 930 779 petatur
952 732 1121 768 lat-ultas
1143 731 1196 778 (uf.
1224 730 1355 777 1607).
1384 729 1573 775 Discipuli
1608 731 1776 775 possunt
1810 729 1893 763 suis

180 794 380 841 magistris
401 804 618 840 proponere
639 793 780 829 dubia:
803 793 835 828 si
856 796 987 828 tamen
1010 792 1215 833 excedant,
1235 800 1300 826 eos
1322 790 1462 825 Ilei-tor
1482 788 1654 833 corrigat
1677 784 1726 836 (a.
1760 787 1891 833 1483).

232 854 455 889 Generatim
478 853 639 888 vitanda
661 856 719 888 est
738 853 1023 898 discipulorum
1045 862 1132 886 cum
1158 850 1359 896 magistris
1382 848 1634 884 familiaritas
1655 858 1662 883 :
1684 857 1769 883 eam
1789 847 1893 883 enim

179 915 410 950 Institutum
437 916 616 948 nostrum
645 913 844 958 sapienter
875 912 1047 957 respuit,
1080 913 1214 956 utpote
1245 920 1314 956 pro
1344 909 1546 955 magistris
1577 908 1702 953 magis
1734 907 1893 952 pericu-

180 975 304 1010 losam
333 983 452 1019 quam
485 972 692 1017 discipulis
727 972 879 1007 utilem.
916 972 958 1006 In
988 971 1174 1006 omnibus
1209 968 1452 1006 consulenda
1483 970 1541 1003 est
1576 977 1686 1003 mens
1718 966 1894 1003 Instituti

180 1034 221 1082 (f.
246 1034 285 1069 P.
308 1033 372 1075 A„
399 1032 446 1068 28
467 1032 539 1078 jul.
570 1031 685 1068 1831)

233 1108 248 1134 3
269 1110 482 1156 Nequidem
502 1109 675 1145 Prtriecti
703 1109 926 1144 studiorum
956 1119 1008 1154 111.
1036 1107 1166 1153 1665),
1193 1106 1479 1147 Admonitoris,
1504 1105 1580 1140 nisi
1611 1105 1661 1140 sit
1682 1104 1895 1140 Praetectus

180 1170 422 1216 spiritualis,
457 1169 761 1210 Consultorum,
795 1168 1085 1203 Conlessariivc
1118 1166 1368 1207 secundarii,
1405 1165 1587 1201 cubicula
1632 1164 1756 1200 libere
1794 1164 1895 1199 adiri

179 1233 345 1276 possunt
368 1230 391 1264 i.
414 1239 447 1265 e.
472 1230 623 1274 absque
657 1229 815 1264 licentia
848 1227 1022 1274 generali
1045 1229 1113 1262 aut
1141 1226 1301 1271 speciali
1337 1222 1389 1274 (a.
1426 1223 1543 1267 1619,
1577 1224 1707 1271 1653).
1747 1224 1893 1266 Janua,

179 1291 273 1326 dum
301 1290 408 1325 intus
435 1291 494 1324 est
522 1289 611 1334 quis
638 1298 727 1323 cum
756 1288 849 1330 alio,
873 1287 988 1323 debet
1017 1288 1164 1332 patere,
1190 1288 1233 1321 ut
1254 1285 1522 1331 colloquentes
1553 1283 1677 1319 videri
1706 1286 1743 1320 et
1766 1283 1896 1319 audiri

179 1352 337 1395 possent
359 1347 410 1395 ((1.
444 1348 577 1394 1576),
603 1348 662 1383 vel
685 1348 825 1383 saltem
859 1356 938 1382 non
971 1346 1132 1381 omnino
1153 1355 1239 1380 esse
1260 1344 1448 1389 adJ'uncta
1477 1339 1534 1392 (a.
1572 1343 1700 1390 1587).
1737 1343 1896 1389 Hyemis

180 1412 365 1454 tempore.
391 1408 479 1443 licet
501 1407 684 1443 claudere
711 1407 871 1443 ostium.
897 1406 929 1441 si
959 1405 1179 1451 periculum
1202 1404 1253 1440 sit
1275 1414 1323 1439 ne
1349 1404 1641 1450 hypocaustum
1662 1403 1895 1438 calefactum

180 1469 364 1515 frigescat
388 1467 441 1512 (a.
469 1467 517 1501 ad
539 1467 652 1502 Prov.
688 1466 838 1509 Licha„
868 1465 996 1510 1619).
1030 1465 1073 1500 111
1096 1464 1328 1499 Nostrorum
1364 1463 1558 1498 cubiculis
1585 1462 1739 1498 externi
1765 1463 1896 1498 rarius

179 1528 413 1564 admittendi
442 1530 536 1562 sunt
563 1525 615 1573 (a.
646 1526 777 1572 1568),
810 1525 972 1560 minime
1002 1534 1094 1560 vero
1122 1523 1328 1560 Scholares
1356 1523 1510 1558 externi
1542 1521 1595 1568 (a.
1621 1521 1752 1569 1605),
1779 1522 1897 1558 etiam

180 1587 439 1623 confessionis
460 1595 580 1621 causa
604 1585 656 1631 (a.
680 1582 811 1630 1563).
836 1585 923 1631 lpse
942 1583 1155 1619 Praeiectus
1177 1582 1399 1628 spiritualis
1429 1582 1614 1617 alumnos
1636 1582 1676 1617 in
1698 1591 1770 1617 suo
1790 1582 1899 1617 cubi-

180 1647 267 1682 culo
286 1647 457 1692 recipere
475 1655 553 1681 non
573 1645 747 1687 deberet,
766 1645 843 1680 nisi
866 1644 938 1680 hoc
957 1643 1183 1679 cubiculum
1207 1645 1319 1678 extra
1340 1642 1561 1678 claustrum
1582 1644 1700 1677 esset.
1722 1641 1766 1677 In
1785 1642 1898 1677 Italia

180 1706 318 1752 recipit
340 1706 476 1751 utique
498 1705 565 1740 sed
587 1705 708 1750 ianua
730 1706 881 1750 aperta.
906 1703 1046 1738 Melius
1071 1705 1174 1738 esset
1196 1705 1238 1737 ut
1264 1711 1343 1744 eos,
1368 1702 1487 1737 certis
1509 1701 1632 1744 horis,
1657 1701 1697 1736 in
1718 1701 1899 1737 cubiculo

180 1766 379 1801 communi
410 1765 692 1810 alloqueretur,
717 1763 831 1808 cujus
858 1762 980 1808 janua
1008 1763 1060 1798 ita
1089 1762 1342 1797 clauderetur
1371 1764 1414 1797 ut
1435 1771 1458 1796 a
1479 1771 1727 1806 quocumque
1752 1760 1899 1806 aperiri

182 1828 311 1871 posset
337 1824 388 1870 (d.
414 1825 452 1861 P.
479 1824 544 1866 A..
569 1826 668 1869 sept.
698 1822 831 1869 1857).
858 1823 1087 1858 Ministrum
1114 1823 1242 1867 potest
1270 1820 1360 1866 quis
1388 1821 1498 1856 intus
1527 1820 1691 1866 alloqui,
1719 1820 1899 1856 cubiculo

180 1886 265 1930 ejus
301 1885 455 1927 clauso,
498 1884 552 1920 ita
590 1887 722 1919 tamen
760 1886 803 1918 ut
840 1882 963 1918 clavis
999 1881 1247 1917 extrinsecus
1285 1882 1442 1916 maneat
1480 1889 1557 1926 qua
1593 1880 1738 1926 aperiri
1776 1880 1900 1925 possit

185 1944 237 1980 (a.
270 1944 398 1991 1602).

242 2065 324 2109 III.
353 2092 409 2097 -
431 2063 796 2111 Communicatio
828 2076 936 2108 cum
964 2063 1191 2108 externis.
1216 2087 1265 2095 -
1293 2061 1445 2106 Nemo
1467 2061 1764 2120 colloquatur
1791 2075 1898 2105 cum

182 2143 404 2198 externis,
440 2148 518 2187 aut
550 2142 665 2186 alios
687 2146 834 2195 vocet,
867 2141 969 2185 sine
1005 2140 1241 2185 facultate.
1278 2138 1414 2198 (Reg.
1439 2139 1589 2196 Com.,
1614 2139 1711 2197 36.)
1747 2139 1898 2183 Nemo

183 2226 486 2264 externorum
520 2220 578 2263 ad
613 2219 915 2270 domesticos,
941 2223 987 2262 et
1013 2219 1111 2261 vice
1148 2231 1297 2268 versa,
1325 2216 1543 2261 mandata
1567 2216 1762 2273 deferat,
1788 2221 1895 2273 eto,

184 2312 270 2342 nec
297 2298 503 2342 externis
530 2311 635 2355 quae
664 2297 792 2341 domi
821 2301 1025 2355 aguntur
1054 2295 1241 2340 referat.
1271 2294 1380 2353 (id,
1406 2295 1479 2350 37,
1504 2294 1602 2353 38.)

242 2376 435 2420 Externi
460 2375 649 2419 nonnisi
673 2389 728 2418 ex
755 2374 882 2433 gravi
911 2388 1053 2418 causa
1076 2373 1280 2431 hospitio
1310 2372 1575 2430 excipiendi
1597 2377 1724 2428 sunt,
1751 2372 1898 2416 multo

153 2512 164 2524 ·
182 2454 339 2497 minus
360 2453 547 2511 profugi
569 2467 593 2496 e
617 2452 860 2496 Societate.
885 2451 1017 2507 (Cst.,
1039 2451 1097 2507 ΙΙ,
1125 2464 1187 2506 1v,
1207 2451 1231 2494 1
1254 2456 1300 2495 et
1318 2450 1373 2494 A.
1395 2476 1453 2481 —
1473 2450 1528 2493 R.
1548 2450 1699 2505 Rect„
1714 2449 1787 2506 79,
1802 2449 1898 2503 81.)

242 2530 519 2575 Rusticandi
548 2530 672 2588 apud
701 2535 920 2574 externos
948 2528 1220 2573 facultatem
1250 2528 1379 2572 solus
1408 2527 1727 2583 Provincialis,
1754 2527 1898 2571 raris-

183 2609 318 2665 sime,
342 2608 563 2667 gravibus
590 2607 648 2651 de
673 2607 843 2658 causis,
868 2606 925 2650 ad
953 2606 1093 2650 breve
1122 2611 1328 2664 tempus,
1354 2610 1400 2649 et
1422 2605 1609 2649 nonnisi
1634 2617 1743 2649 cum
1772 2605 1897 2650 socio

185 2685 422 2730 concedet.
454 2685 520 2737 (C.
546 2685 622 2741 G„
645 2684 767 2739 XVI,
791 2684 873 2738 ⁶253
898 2709 957 2715 -—
986 2683 1154 2739 XVIII,
1179 2684 1264 2738 7.)¹

248 2763 409 2807 Nostri
444 2768 552 2806 ante
586 2763 743 2806 lucem
782 2775 875 2805 non
910 2761 1214 2819 egrediantur
1250 2767 1295 2805 et
1331 2765 1438 2804 ante
1476 2765 1664 2804 noctem
1699 2759 1897 2804 reduces

184 2840 320 2885 sint?
365 2840 671 2898 Egredientes
715 2839 906 2883 nomina
945 2852 1030 2883 sua
1068 2839 1255 2898 signent
1292 2844 1337 2882 et
1368 2838 1619 2896 janitorem
1658 2843 1894 2883 moneant.

185 2918 262 2975 (R.
287 2917 356 2974 C.,
381 2917 455 2972 46,
480 2916 603 2975 47.)³

237 3032 249 3058 ·¹
274 3035 315 3069 ln
338 3034 504 3081 patriani
527 3043 618 3069 vero
641 3043 755 3069 nemo
783 3033 964 3069 mittatur
985 3033 1136 3080 absque
1159 3031 1362 3068 Generalis
1384 3031 1557 3073 licentia,
1583 3031 1661 3067 nisi
1683 3031 1899 3068 necessitas

1955 2077 2008 2104 333
