2145 3366
4 425 41 455 {UH}
52 434 62 460 a

3 557 62 596 atibus

4 624 62 657 {werel

4 1075 27 1119 ,is
42 1078 64 1123 tt

10 1156 64 1199 utio-

5 1247 63 1291 mpu-

6 1324 63 1369 segc]-

6 1403 63 1437 Oilei.

2 1469 66 1512 :iverit

0 1546 25 1589 [i
40 1546 66 1590 tls.

7 1625 66 1668 wald.

14 1828 68 1871 intra

6 1907 68 1950 licen-

11 1984 69 2029 Bussa

735 258 952 287 GENSU1U⁴3
984 257 1036 285 nr
1069 256 1307 283 ι’ῃ.-1·;(ιι«ῑι”ι’Λ
1789 245 1867 282 :3253

162 444 347 477 externos
381 439 551 475 deduces
578 448 625 474 ex
653 437 867 483 disputatis
895 436 1001 481 apud
1028 435 1362 471 commentatores
1392 433 1440 469 de
1469 433 1600 469 indole
1625 436 1662 469 et
1686 433 1724 469 vi
1752 433 1869 469 bullae

161 496 388 548 Apostolicoe
411 498 535 534 Sedis.

214 577 231 604 '2
251 580 311 615 Ad
333 578 613 615 declarandum
640 577 737 613 illud
757 579 994 623 praeceptum
1022 574 1213 611 inservire
1233 576 1401 620 possunt
1424 574 1605 619 quaedam
1626 573 1673 609 de
1693 573 1754 609 his
1784 584 1871 619 qua:

163 649 284 685 supra
306 639 502 674 habentur
524 638 571 673 de
591 641 678 672 voto
701 636 965 672 denunciandi
987 635 1194 670 ambitum.
1217 654 1263 659 -—
1286 634 1435 669 Dicitur
1459 646 1473 666 «
1499 634 1566 678 qui
1588 633 1818 669 resciverInt
1852 646 1867 667 »

164 699 190 734 i.
214 709 247 734 e.
268 708 315 734 ex
337 700 441 733 certa
461 696 624 732 scicntia
643 699 710 731 aut
734 706 781 731 ex
803 695 879 731 fide.
900 695 1019 740 digna
1039 694 1254 730 auditione.
1272 714 1318 718 -
1336 692 1615 728 Denuncianda
1635 692 1872 728 machinatio

164 757 378 804 praeterita,
404 757 544 792 saltem
567 756 599 790 si
621 755 782 791 essectus
809 754 939 790 adhuc
960 754 1145 799 perduret
1170 764 1177 787 ε
1202 756 1239 788 et
1259 752 1502 788 contrarium
1525 762 1613 788 raro
1633 762 1872 798 praesumen-

165 817 260 853 dum
283 817 373 853 erit.
394 816 451 851 lta
470 825 518 851 ex
540 815 669 850 Palao.
695 814 833 861 (Tract.
859 813 958 856 xvi,
983 813 1089 858 Disp.
1112 812 1149 856 5,
1174 813 1310 848 Punct.
1332 811 1370 856 9,
1393 821 1433 847 n.
1460 810 1540 858 11.)

574 1032 659 1068 ΙΙΙ.
689 1051 732 1056 -
761 1029 929 1075 Quoad
959 1029 1255 1076 religionem
1282 1031 1330 1066 et
1354 1032 1480 1066 vota.

228 1207 263 1250 I.
287 1233 345 1238 —
367 1205 522 1251 Quoad
549 1203 826 1262 religionem
852 1217 859 1247 :
890 1203 938 1246 ‘10
956 1202 1081 1255 Quos
1105 1201 1390 1258 Praepositus
1414 1201 1643 1259 generalis
1672 1215 1696 1245 e
1718 1200 1876 1245 Socie-

168 1290 259 1329 tate
289 1284 459 1327 dimitti
479 1282 772 1340 judicaverit„
804 1281 942 1324 etiam
975 1279 1233 1334 Professos⁷
1267 1278 1315 1321 hi
1349 1287 1546 1335 possunt
1574 1279 1631 1322 ad
1664 1280 1876 1337 quemvis

168 1361 413 1415 Ordinem,
433 1360 571 1403 etiam
592 1359 832 1409 laxiorem‚
852 1357 909 1401 ab
927 1358 1027 1414 ipso
1040 1355 1445 1414 praescribendum
1461 1356 1675 1408 transire,
1690 1357 1747 1400 de
1769 1371 1878 1401 con-

168 1453 308 1483 sensu
330 1438 454 1481 illius
477 1436 799 1494 Superiorum,
823 1435 984 1493 ibique
1002 1434 1344 1492 professionem
1364 1434 1577 1477 emittere
1597 1449 1604 1477 :
1627 1434 1740 1492 ipsis
1759 1435 1878 1477 inhi-

167 1517 305 1561 betur
326 1516 412 1559 sub
434 1528 575 1572 poena
597 1512 1096 1557 excommunicationis
1118 1511 1221 1555 lata)
1244 1511 1488 1555 sententia}
1506 1525 1564 1554 ne
1586 1511 1696 1568 quid
1718 1517 1878 1555 contra

168 1594 257 1637 hoc
287 1592 582 1651 privilegium
615 1596 843 1634 attentare
878 1590 1095 1633 audeant.
1120 1588 1395 1648 (Gregorius
1422 1589 1550 1631 XIII.
1581 1588 1700 1632 Cum
1723 1589 1880 1643 alias.)

229 1677 277 1720 ⁸20
303 1675 785 1720 Excommunicantur
818 1674 917 1730 ipso
949 1674 1068 1717 facto
1100 1672 1193 1729 (μή,
1225 1677 1331 1730 post
1359 1673 1529 1716 emissa
1556 1677 1675 1729 vota,
1706 1673 1881 1730 absque

172 1767 390 1812 expressa
406 1753 610 1802 licentia,
629 1756 859 1809 praetextu
876 1750 1127 1807 cujuslibet
1142 1749 1327 1806 indulti,
1347 1750 1403 1793 ad
1420 1750 1647 1794 saeculum
1663 1750 1878 1794 redeunt.

174 1831 459 1875 Reservatur
499 1829 694 1873 Summo
736 1828 953 1872 Pontifici
989 1832 1070 1871 aut
1103 1826 1342 1884 Superiori
1386 1827 1628 1871 Societatis
1663 1826 1792 1886 (Pius
1824 1827 1879 1871 V.

174 1909 385 1966 AEquum
404 1905 714 1964 reputamus).

236 1991 285 2035 30
311 1990 608 2034 Recedentes
648 1994 753 2046 post
793 1989 881 2032 tria
919 1994 1023 2031 vota
1060 1988 1288 2046 simplicia
1329 1994 1441 2033 sunt
1483 2002 1591 2032 vere
1635 1993 1881 2047 apostatae3

178 2067 657 2113 excommunicationi
697 2066 801 2110 latae
845 2066 1088 2110 sententiae
1133 2066 1330 2123 aliisque
1374 2071 1692 2124 apostatarum
1733 2066 1886 2124 poenis

176 2148 221 2191 S.
250 2146 358 2190 Sedi
379 2150 458 2189 aut
478 2144 696 2189 Generali
715 2144 961 2187 reservatis
983 2143 1242 2201 subjacent.
1271 2143 1545 2202 (Gregorius
1561 2144 1690 2188 XIII.
1712 2144 1885 2188 Ascen-

174 2225 337 2277 dente).

235 2306 284 2350 40
311 2306 400 2359 Qui
418 2310 524 2363 post
543 2305 815 2348 mandatum
846 2304 1128 2362 Superioris,
1158 2305 1279 2348 intra
1301 2310 1404 2349 octo
1425 2305 1524 2349 dies
1546 2319 1638 2348 non
1666 2304 1883 2362 redeunt,

177 2384 664 2433 excommunicantur„
698 2396 792 2426 non
823 2396 959 2425 secus
991 2396 1044 2426 ac
1071 2383 1102 2425 ii
1131 2383 1210 2440 qui
1241 2383 1297 2425 iis
1325 2382 1549 2426 auxilium
1575 2382 1646 2426 vel
1680 2382 1887 2426 favorem

180 2466 419 2520 praestant.
451 2459 823 2504 Provincialibus
851 2459 1080 2503 absolutio
1106 2460 1249 2518 hujus
1278 2460 1778 2504 excommunicationis
1804 2474 1889 2518 per

178 2554 227 2584 se
249 2539 322 2582 vel
343 2553 428 2597 per
449 2537 563 2581 alios
581 2537 909 2581 committitur.
929 2537 1035 2589 (Per
1055 2538 1362 2594 communic¹⁷
1388 2537 1550 2595 Comp.
1576 2536 1716 2593 Priv„
1741 2552 1788 2582 n.
1811 2538 1885 2595 39,

179 2615 278 2675 40.)
308 2616 427 2659 Vide
456 2614 545 2659 alia
576 2615 623 2657 in
654 2614 942 2672 Compendio
973 2615 1127 2657 Privil.
1163 2615 1219 2659 ad
1256 2615 1308 2659 V.
1338 2615 1598 2672 Apostatae;
1630 2620 1674 2660 et
1699 2615 1777 2659 hic
1808 2615 1889 2660 ubi

180 2695 238 2739 de
266 2694 556 2750 dimissione,
586 2692 710 2736 infra
736 2706 782 2735 n.
814 2692 917 2736 380.

242 2825 302 2868 ΙΙ.
327 2850 384 2856 ——
407 2823 562 2869 Quoad
580 2822 908 2868 obedientiam.
926 2850 984 2855 —
1004 2824 1189 2869 Nostris
1212 2837 1305 2867 non
1330 2823 1439 2866 ficet
1464 2823 1699 2880 appellare
1726 2838 1750 2867 a
1768 2824 1890 2870 Prae-

182 2903 332 2961 posito
361 2901 568 2960 generali
596 2905 676 2944 aut
698 2901 1028 2946 Visitatoribus
1056 2902 1113 2946 ab
1142 2916 1195 2945 eo
1219 2900 1470 2958 deputatis,
1495 2915 1519 2944 a
1546 2901 1890 2946 reformationi-

184 2980 271 3025 bus
290 2986 335 3024 et
353 2978 726 3024 correctionibus
748 2993 927 3034 eorum,
947 2980 1036 3022 nisi
1060 2981 1105 3022 in
1127 2978 1333 3037 generali
1358 2979 1742 3036 t{ungreiffitione⁷
1773 2987 1817 3025 et
1842 2981 1889 3024 in

1931 1218 1983 1245 358

1945 2840 1998 2868 359
