<?xml version="1.0" encoding="UTF-8"?>
<!DOCTYPE html PUBLIC "-//W3C//DTD XHTML 1.0 Transitional//EN"
    "http://www.w3.org/TR/xhtml1/DTD/xhtml1-transitional.dtd">
<html xmlns="http://www.w3.org/1999/xhtml" xml:lang="en" lang="en">
 <head>
  <title>
</title>
<meta http-equiv="Content-Type" content="text/html;charset=utf-8" />
  <meta name='ocr-system' content='tesseract 3.04.00' />
  <meta name='ocr-capabilities' content='ocr_page ocr_carea ocr_par ocr_line ocrx_word'/>
</head>
<body>
  <div class='ocr_page' id='page_1' title='image "./compendiuminstit00rami_0132.png"; bbox 0 0 2145 3366; ppageno 0'>
   <div class='ocr_carea' id='block_1_1' title="bbox 141 1459 190 1487">
    <p class='ocr_par' dir='ltr' id='par_1_1' title="bbox 141 1459 190 1487">
     <span class='ocr_line' id='line_1_1' title="bbox 141 1459 190 1487; baseline 0 -1"><span class='ocrx_word' id='word_1_1' title='bbox 141 1459 190 1487; x_wconf 63' lang='lat'>132</span> 
     </span>
    </p>
   </div>
   <div class='ocr_carea' id='block_1_2' title="bbox 247 268 1269 307">
    <p class='ocr_par' dir='ltr' id='par_1_2' title="bbox 247 268 1269 307">
     <span class='ocr_line' id='line_1_2' title="bbox 247 268 1269 307; baseline 0 -1"><span class='ocrx_word' id='word_1_2' title='bbox 247 268 317 306; x_wconf 69' lang='lat'>126</span> <span class='ocrx_word' id='word_1_3' title='bbox 918 279 1028 307; x_wconf 64' lang='lat' dir='ltr'>mus·</span> <span class='ocrx_word' id='word_1_4' title='bbox 1060 278 1269 307; x_wconf 61' lang='lat' dir='ltr'>SECUNDA</span> 
     </span>
    </p>
   </div>
   <div class='ocr_carea' id='block_1_3' title="bbox 415 365 1620 381">
    <p class='ocr_par' dir='ltr' id='par_1_3' title="bbox 415 365 1620 381">
     <span class='ocr_line' id='line_1_3' title="bbox 415 365 1620 381; baseline 0 0"><span class='ocrx_word' id='word_1_5' title='bbox 415 365 1620 381; x_wconf 95' lang='lat' dir='ltr'> </span> 
     </span>
    </p>
   </div>
   <div class='ocr_carea' id='block_1_4' title="bbox 239 455 1938 587">
    <p class='ocr_par' dir='ltr' id='par_1_4' title="bbox 239 455 1938 587">
     <span class='ocr_line' id='line_1_4' title="bbox 241 455 1938 514; baseline 0.001 -15"><span class='ocrx_word' id='word_1_6' title='bbox 241 470 348 499; x_wconf 80' lang='lat' dir='ltr'>cum</span> <span class='ocrx_word' id='word_1_7' title='bbox 371 455 706 514; x_wconf 76' lang='lat' dir='ltr'>approbatimie</span> <span class='ocrx_word' id='word_1_8' title='bbox 729 455 971 501; x_wconf 80' lang='lat' dir='ltr'>Generalis</span> <span class='ocrx_word' id='word_1_9' title='bbox 999 455 1306 500; x_wconf 87' lang='lat' dir='ltr'>constitutum</span> <span class='ocrx_word' id='word_1_10' title='bbox 1327 455 1482 500; x_wconf 84' lang='lat' dir='ltr'>fuerit.</span> <span class='ocrx_word' id='word_1_11' title='bbox 1509 455 1579 512; x_wconf 84' lang='lat' dir='ltr'>(P.</span> <span class='ocrx_word' id='word_1_12' title='bbox 1606 455 1791 512; x_wconf 85' lang='lat' dir='ltr'>Martin,</span> <span class='ocrx_word' id='word_1_13' title='bbox 1821 455 1851 500; x_wconf 93' lang='lat' dir='ltr'>l.</span> <span class='ocrx_word' id='word_1_14' title='bbox 1879 470 1938 514; x_wconf 82' lang='lat' dir='ltr'>c.‚</span> 
     </span>
     <span class='ocr_line' id='line_1_5' title="bbox 239 533 405 587; baseline 0.012 -11"><span class='ocrx_word' id='word_1_15' title='bbox 239 548 283 577; x_wconf 90' lang='lat' dir='ltr'>n.</span> <span class='ocrx_word' id='word_1_16' title='bbox 313 533 405 587; x_wconf 72' lang='lat'>14.)</span> 
     </span>
    </p>
   </div>
   <div class='ocr_carea' id='block_1_5' title="bbox 231 637 1941 1396">
    <p class='ocr_par' dir='ltr' id='par_1_5' title="bbox 231 637 1941 1396">
     <span class='ocr_line' id='line_1_6' title="bbox 295 637 1939 696; baseline 0.001 -15"><span class='ocrx_word' id='word_1_17' title='bbox 295 638 369 682; x_wconf 74' lang='lat' dir='ltr'>IV.</span> <span class='ocrx_word' id='word_1_18' title='bbox 400 665 457 669; x_wconf 97' lang='lat'><strong>—</strong></span> <span class='ocrx_word' id='word_1_19' title='bbox 485 638 745 684; x_wconf 87' lang='lat' dir='ltr'>Seminaria</span> <span class='ocrx_word' id='word_1_20' title='bbox 764 637 1052 696; x_wconf 87' lang='lat' dir='ltr'>Episcopalia</span> <span class='ocrx_word' id='word_1_21' title='bbox 1075 642 1155 682; x_wconf 86' lang='lat' dir='ltr'>aut</span> <span class='ocrx_word' id='word_1_22' title='bbox 1175 637 1435 694; x_wconf 79' lang='lat' dir='ltr'>Pontificia‚</span> <span class='ocrx_word' id='word_1_23' title='bbox 1462 637 1642 683; x_wconf 84' lang='lat' dir='ltr'>Scholae</span> <span class='ocrx_word' id='word_1_24' title='bbox 1663 637 1939 695; x_wconf 84' lang='lat' dir='ltr'>Apostolicae</span> 
     </span>
     <span class='ocr_line' id='line_1_7' title="bbox 236 714 1939 774; baseline 0 -13"><span class='ocrx_word' id='word_1_25' title='bbox 236 721 280 761; x_wconf 85' lang='lat' dir='ltr'>ot</span> <span class='ocrx_word' id='word_1_26' title='bbox 309 716 555 762; x_wconf 79' lang='lat' dir='ltr'>Convictus</span> <span class='ocrx_word' id='word_1_27' title='bbox 577 716 736 774; x_wconf 80' lang='lat' dir='ltr'>(prout</span> <span class='ocrx_word' id='word_1_28' title='bbox 765 716 813 759; x_wconf 76' lang='lat' dir='ltr'>lii</span> <span class='ocrx_word' id='word_1_29' title='bbox 844 716 959 773; x_wconf 62' lang='lat' dir='ltr'>stylo</span> <span class='ocrx_word' id='word_1_30' title='bbox 986 715 1191 759; x_wconf 88' lang='lat' dir='ltr'>Instituti</span> <span class='ocrx_word' id='word_1_31' title='bbox 1224 714 1586 774; x_wconf 83' lang='lat' dir='ltr'>intelliguntur),</span> <span class='ocrx_word' id='word_1_32' title='bbox 1611 715 1822 760; x_wconf 88' lang='lat' dir='ltr'>redditus</span> <span class='ocrx_word' id='word_1_33' title='bbox 1849 721 1939 761; x_wconf 85' lang='lat' dir='ltr'>sta-</span> 
     </span>
     <span class='ocr_line' id='line_1_8' title="bbox 235 792 1939 852; baseline 0.001 -17"><span class='ocrx_word' id='word_1_34' title='bbox 235 793 351 837; x_wconf 86' lang='lat' dir='ltr'>biles</span> <span class='ocrx_word' id='word_1_35' title='bbox 380 793 553 837; x_wconf 85' lang='lat' dir='ltr'>habere</span> <span class='ocrx_word' id='word_1_36' title='bbox 581 798 780 852; x_wconf 79' lang='lat' dir='ltr'>possunt</span> <span class='ocrx_word' id='word_1_37' title='bbox 810 808 817 836; x_wconf 89' lang='lat'>:</span> <span class='ocrx_word' id='word_1_38' title='bbox 854 799 898 837; x_wconf 85' lang='lat' dir='ltr'>at</span> <span class='ocrx_word' id='word_1_39' title='bbox 926 793 1016 836; x_wconf 87' lang='lat' dir='ltr'>nisi</span> <span class='ocrx_word' id='word_1_40' title='bbox 1048 792 1200 837; x_wconf 88' lang='lat' dir='ltr'>adsint</span> <span class='ocrx_word' id='word_1_41' title='bbox 1230 792 1522 837; x_wconf 80' lang='lat' dir='ltr'>conditiones</span> <span class='ocrx_word' id='word_1_42' title='bbox 1550 807 1712 837; x_wconf 89' lang='lat' dir='ltr'>omnes</span> <span class='ocrx_word' id='word_1_43' title='bbox 1746 807 1851 852; x_wconf 79' lang='lat' dir='ltr'>quae</span> <span class='ocrx_word' id='word_1_44' title='bbox 1882 794 1939 837; x_wconf 90' lang='lat' dir='ltr'>ad</span> 
     </span>
     <span class='ocr_line' id='line_1_9' title="bbox 233 870 1941 929; baseline 0.001 -16"><span class='ocrx_word' id='word_1_45' title='bbox 233 885 340 914; x_wconf 65' lang='lat' dir='ltr'>vera</span> <span class='ocrx_word' id='word_1_46' title='bbox 369 870 609 915; x_wconf 79' lang='lat' dir='ltr'>Societatis</span> <span class='ocrx_word' id='word_1_47' title='bbox 631 871 831 929; x_wconf 75' lang='lat' dir='ltr'>Collegia</span> <span class='ocrx_word' id='word_1_48' title='bbox 850 870 1014 914; x_wconf 88' lang='lat' dir='ltr'>saltem</span> <span class='ocrx_word' id='word_1_49' title='bbox 1038 870 1257 914; x_wconf 77' lang='lat' dir='ltr'>inchoata</span> <span class='ocrx_word' id='word_1_50' title='bbox 1274 871 1584 929; x_wconf 86' lang='lat' dir='ltr'>requiruntur</span> <span class='ocrx_word' id='word_1_51' title='bbox 1607 871 1747 929; x_wconf 87' lang='lat' dir='ltr'>(quod</span> <span class='ocrx_word' id='word_1_52' title='bbox 1769 871 1941 929; x_wconf 81' lang='lat' dir='ltr'>pendet</span> 
     </span>
     <span class='ocr_line' id='line_1_10' title="bbox 233 947 1938 1006; baseline 0.001 -15"><span class='ocrx_word' id='word_1_53' title='bbox 233 963 257 992; x_wconf 83' lang='lat' dir='ltr'>a</span> <span class='ocrx_word' id='word_1_54' title='bbox 298 948 457 992; x_wconf 88' lang='lat' dir='ltr'>multis</span> <span class='ocrx_word' id='word_1_55' title='bbox 498 948 886 1005; x_wconf 75' lang='lat' dir='ltr'>circumstantiis,</span> <span class='ocrx_word' id='word_1_56' title='bbox 928 947 1126 1006; x_wconf 80' lang='lat' dir='ltr'>singulis</span> <span class='ocrx_word' id='word_1_57' title='bbox 1172 948 1489 1006; x_wconf 77' lang='lat' dir='ltr'>expendendis</span> <span class='ocrx_word' id='word_1_58' title='bbox 1529 953 1575 992; x_wconf 89' lang='lat' dir='ltr'>et</span> <span class='ocrx_word' id='word_1_59' title='bbox 1612 949 1660 992; x_wconf 90' lang='lat' dir='ltr'>in</span> <span class='ocrx_word' id='word_1_60' title='bbox 1699 948 1843 993; x_wconf 87' lang='lat' dir='ltr'>dubio</span> <span class='ocrx_word' id='word_1_61' title='bbox 1882 949 1938 993; x_wconf 86' lang='lat' dir='ltr'>ad</span> 
     </span>
     <span class='ocr_line' id='line_1_11' title="bbox 233 1026 1934 1084; baseline 0.001 -14"><span class='ocrx_word' id='word_1_62' title='bbox 233 1027 509 1070; x_wconf 74' lang='lat' dir='ltr'>Gener-alem</span> <span class='ocrx_word' id='word_1_63' title='bbox 532 1026 832 1083; x_wconf 86' lang='lat' dir='ltr'>deferendis),</span> <span class='ocrx_word' id='word_1_64' title='bbox 858 1031 968 1070; x_wconf 89' lang='lat' dir='ltr'>sunt</span> <span class='ocrx_word' id='word_1_65' title='bbox 990 1026 1211 1071; x_wconf 74' lang='lat' dir='ltr'>Instituta</span> <span class='ocrx_word' id='word_1_66' title='bbox 1234 1026 1555 1071; x_wconf 78' lang='lat' dir='ltr'>Ecclesiastica</span> <span class='ocrx_word' id='word_1_67' title='bbox 1578 1032 1656 1071; x_wconf 86' lang='lat' dir='ltr'>aut</span> <span class='ocrx_word' id='word_1_68' title='bbox 1681 1027 1757 1084; x_wconf 87' lang='lat' dir='ltr'>pia</span> <span class='ocrx_word' id='word_1_69' title='bbox 1779 1040 1934 1084; x_wconf 84' lang='lat' dir='ltr'>opera,</span> 
     </span>
     <span class='ocr_line' id='line_1_12' title="bbox 232 1103 1937 1162; baseline 0.002 -18"><span class='ocrx_word' id='word_1_70' title='bbox 232 1118 336 1162; x_wconf 59' lang='lat' dir='ltr'>quae</span> <span class='ocrx_word' id='word_1_71' title='bbox 366 1104 568 1149; x_wconf 76' lang='lat' dir='ltr'>Societas</span> <span class='ocrx_word' id='word_1_72' title='bbox 597 1109 778 1148; x_wconf 84' lang='lat' dir='ltr'>tantum</span> <span class='ocrx_word' id='word_1_73' title='bbox 809 1103 1120 1160; x_wconf 73' lang='lat' dir='ltr'>administrat,</span> <span class='ocrx_word' id='word_1_74' title='bbox 1146 1108 1192 1147; x_wconf 87' lang='lat' dir='ltr'>at</span> <span class='ocrx_word' id='word_1_75' title='bbox 1212 1104 1260 1147; x_wconf 94' lang='lat' dir='ltr'>in</span> <span class='ocrx_word' id='word_1_76' title='bbox 1283 1117 1484 1162; x_wconf 90' lang='lat' dir='ltr'>quorum</span> <span class='ocrx_word' id='word_1_77' title='bbox 1512 1104 1635 1148; x_wconf 86' lang='lat' dir='ltr'>bona</span> <span class='ocrx_word' id='word_1_78' title='bbox 1655 1104 1732 1162; x_wconf 90' lang='lat' dir='ltr'>jus</span> <span class='ocrx_word' id='word_1_79' title='bbox 1753 1104 1937 1148; x_wconf 88' lang='lat' dir='ltr'>nullum</span> 
     </span>
     <span class='ocr_line' id='line_1_13' title="bbox 232 1181 1937 1240; baseline 0.001 -15"><span class='ocrx_word' id='word_1_80' title='bbox 232 1182 385 1225; x_wconf 85' lang='lat' dir='ltr'>habet.</span> <span class='ocrx_word' id='word_1_81' title='bbox 416 1182 482 1225; x_wconf 77' lang='lat' dir='ltr'>Ex</span> <span class='ocrx_word' id='word_1_82' title='bbox 510 1182 582 1226; x_wconf 90' lang='lat' dir='ltr'>his</span> <span class='ocrx_word' id='word_1_83' title='bbox 604 1181 764 1227; x_wconf 88' lang='lat' dir='ltr'>Nostri</span> <span class='ocrx_word' id='word_1_84' title='bbox 786 1181 850 1225; x_wconf 87' lang='lat' dir='ltr'>nil</span> <span class='ocrx_word' id='word_1_85' title='bbox 878 1181 1122 1240; x_wconf 82' lang='lat' dir='ltr'>percipere</span> <span class='ocrx_word' id='word_1_86' title='bbox 1141 1187 1351 1239; x_wconf 87' lang='lat' dir='ltr'>possunt,</span> <span class='ocrx_word' id='word_1_87' title='bbox 1377 1187 1546 1239; x_wconf 59' lang='lat' dir='ltr'>praeter</span> <span class='ocrx_word' id='word_1_88' title='bbox 1562 1181 1807 1226; x_wconf 88' lang='lat' dir='ltr'>honestam</span> <span class='ocrx_word' id='word_1_89' title='bbox 1835 1195 1937 1226; x_wconf 89' lang='lat' dir='ltr'>sus-</span> 
     </span>
     <span class='ocr_line' id='line_1_14' title="bbox 232 1259 1936 1318; baseline -0.001 -14"><span class='ocrx_word' id='word_1_90' title='bbox 232 1260 532 1304; x_wconf 74' lang='lat' dir='ltr'>tentationem</span> <span class='ocrx_word' id='word_1_91' title='bbox 552 1264 598 1303; x_wconf 90' lang='lat' dir='ltr'>et</span> <span class='ocrx_word' id='word_1_92' title='bbox 618 1259 783 1317; x_wconf 85' lang='lat' dir='ltr'>siquid</span> <span class='ocrx_word' id='word_1_93' title='bbox 804 1259 927 1303; x_wconf 88' lang='lat' dir='ltr'>aliud</span> <span class='ocrx_word' id='word_1_94' title='bbox 951 1273 1059 1303; x_wconf 85' lang='lat' dir='ltr'>cum</span> <span class='ocrx_word' id='word_1_95' title='bbox 1077 1259 1404 1304; x_wconf 82' lang='lat' dir='ltr'>fundatoribus</span> <span class='ocrx_word' id='word_1_96' title='bbox 1426 1265 1506 1304; x_wconf 83' lang='lat' dir='ltr'>aut</span> <span class='ocrx_word' id='word_1_97' title='bbox 1526 1260 1733 1317; x_wconf 90' lang='lat' dir='ltr'>patronis</span> <span class='ocrx_word' id='word_1_98' title='bbox 1748 1265 1936 1318; x_wconf 84' lang='lat' dir='ltr'>paetum</span> 
     </span>
     <span class='ocr_line' id='line_1_15' title="bbox 231 1336 1609 1396; baseline -0.001 -15"><span class='ocrx_word' id='word_1_99' title='bbox 231 1337 304 1393; x_wconf 80' lang='lat' dir='ltr'>sit,</span> <span class='ocrx_word' id='word_1_100' title='bbox 337 1337 555 1381; x_wconf 87' lang='lat' dir='ltr'>Instituto</span> <span class='ocrx_word' id='word_1_101' title='bbox 579 1351 673 1381; x_wconf 88' lang='lat' dir='ltr'>non</span> <span class='ocrx_word' id='word_1_102' title='bbox 700 1351 981 1396; x_wconf 80' lang='lat' dir='ltr'>repugnans.</span> <span class='ocrx_word' id='word_1_103' title='bbox 1015 1337 1083 1393; x_wconf 89' lang='lat' dir='ltr'>(P.</span> <span class='ocrx_word' id='word_1_104' title='bbox 1112 1337 1301 1394; x_wconf 85' lang='lat' dir='ltr'>Martin,</span> <span class='ocrx_word' id='word_1_105' title='bbox 1332 1336 1362 1381; x_wconf 91' lang='lat' dir='ltr'>l.</span> <span class='ocrx_word' id='word_1_106' title='bbox 1395 1351 1455 1394; x_wconf 82' lang='lat' dir='ltr'>e.‚</span> <span class='ocrx_word' id='word_1_107' title='bbox 1485 1337 1609 1393; x_wconf 48' lang='lat'><strong>‘160¹</strong></span> 
     </span>
    </p>
   </div>
   <div class='ocr_carea' id='block_1_6' title="bbox 222 1441 1937 1811">
    <p class='ocr_par' dir='ltr' id='par_1_6' title="bbox 222 1441 1937 1811">
     <span class='ocr_line' id='line_1_16' title="bbox 287 1441 1937 1500; baseline 0.002 -16"><span class='ocrx_word' id='word_1_108' title='bbox 287 1441 340 1485; x_wconf 71' lang='grc' dir='ltr'>Υ.</span> <span class='ocrx_word' id='word_1_109' title='bbox 375 1468 432 1473; x_wconf 84' lang='lat'>—</span> <span class='ocrx_word' id='word_1_110' title='bbox 460 1441 508 1488; x_wconf 89' lang='lat' dir='ltr'>Si</span> <span class='ocrx_word' id='word_1_111' title='bbox 545 1455 634 1500; x_wconf 88' lang='lat' dir='ltr'>qua</span> <span class='ocrx_word' id='word_1_112' title='bbox 671 1441 864 1500; x_wconf 67' lang='lat' dir='ltr'>collegia</span> <span class='ocrx_word' id='word_1_113' title='bbox 901 1446 981 1486; x_wconf 87' lang='lat' dir='ltr'>aut</span> <span class='ocrx_word' id='word_1_114' title='bbox 1019 1441 1186 1486; x_wconf 89' lang='lat' dir='ltr'>domus</span> <span class='ocrx_word' id='word_1_115' title='bbox 1225 1441 1529 1499; x_wconf 85' lang='lat' dir='ltr'>possidentur</span> <span class='ocrx_word' id='word_1_116' title='bbox 1564 1454 1590 1486; x_wconf 88' lang='lat' dir='ltr'>a</span> <span class='ocrx_word' id='word_1_117' title='bbox 1626 1441 1937 1487; x_wconf 82' lang='lat' dir='ltr'>Societatibus</span> 
     </span>
     <span class='ocr_line' id='line_1_17' title="bbox 230 1518 1936 1578; baseline -0.001 -14"><span class='ocrx_word' id='word_1_118' title='bbox 230 1519 446 1565; x_wconf 88' lang='lat' dir='ltr'>civilibus</span> <span class='ocrx_word' id='word_1_119' title='bbox 469 1534 667 1577; x_wconf 86' lang='lat' dir='ltr'>quarum</span> <span class='ocrx_word' id='word_1_120' title='bbox 687 1519 848 1564; x_wconf 86' lang='lat' dir='ltr'>Nostri</span> <span class='ocrx_word' id='word_1_121' title='bbox 869 1525 1051 1577; x_wconf 82' lang='lat' dir='ltr'>partem</span> <span class='ocrx_word' id='word_1_122' title='bbox 1074 1520 1379 1577; x_wconf 76' lang='lat' dir='ltr'>constituunt,</span> <span class='ocrx_word' id='word_1_123' title='bbox 1399 1524 1478 1564; x_wconf 87' lang='lat' dir='ltr'>aut</span> <span class='ocrx_word' id='word_1_124' title='bbox 1497 1533 1522 1562; x_wconf 88' lang='lat' dir='ltr'>a</span> <span class='ocrx_word' id='word_1_125' title='bbox 1543 1519 1744 1578; x_wconf 87' lang='lat' dir='ltr'>quodam</span> <span class='ocrx_word' id='word_1_126' title='bbox 1766 1518 1936 1563; x_wconf 88' lang='lat' dir='ltr'>Nostro</span> 
     </span>
     <span class='ocr_line' id='line_1_18' title="bbox 228 1596 1937 1655; baseline 0 -15"><span class='ocrx_word' id='word_1_127' title='bbox 228 1597 297 1641; x_wconf 69' lang='lat' dir='ltr'>vel</span> <span class='ocrx_word' id='word_1_128' title='bbox 315 1598 453 1642; x_wconf 88' lang='lat' dir='ltr'>etiam</span> <span class='ocrx_word' id='word_1_129' title='bbox 470 1612 564 1642; x_wconf 89' lang='lat' dir='ltr'>non</span> <span class='ocrx_word' id='word_1_130' title='bbox 580 1597 752 1642; x_wconf 87' lang='lat' dir='ltr'>Nostro</span> <span class='ocrx_word' id='word_1_131' title='bbox 769 1610 926 1641; x_wconf 87' lang='lat' dir='ltr'>coram</span> <span class='ocrx_word' id='word_1_132' title='bbox 943 1597 1044 1655; x_wconf 82' lang='lat' dir='ltr'>lege</span> <span class='ocrx_word' id='word_1_133' title='bbox 1060 1598 1198 1654; x_wconf 72' lang='lat' dir='ltr'>civili,</span> <span class='ocrx_word' id='word_1_134' title='bbox 1220 1611 1288 1655; x_wconf 80' lang='lat' dir='ltr'>ea,</span> <span class='ocrx_word' id='word_1_135' title='bbox 1310 1611 1404 1655; x_wconf 73' lang='lat' dir='ltr'>qua</span> <span class='ocrx_word' id='word_1_136' title='bbox 1419 1599 1557 1655; x_wconf 76' lang='lat' dir='ltr'>parte</span> <span class='ocrx_word' id='word_1_137' title='bbox 1580 1597 1641 1641; x_wconf 77' lang='lat' dir='ltr'>ad</span> <span class='ocrx_word' id='word_1_138' title='bbox 1663 1596 1937 1641; x_wconf 76' lang='lat' dir='ltr'>Societatem</span> 
     </span>
     <span class='ocr_line' id='line_1_19' title="bbox 222 1674 1937 1733; baseline 0 -15"><span class='ocrx_word' id='word_1_139' title='bbox 222 1677 469 1732; x_wconf 73' lang='lat' dir='ltr'>pertinent,</span> <span class='ocrx_word' id='word_1_140' title='bbox 508 1675 677 1720; x_wconf 87' lang='lat' dir='ltr'>iisdem</span> <span class='ocrx_word' id='word_1_141' title='bbox 704 1675 887 1733; x_wconf 71' lang='lat' dir='ltr'>legibus</span> <span class='ocrx_word' id='word_1_142' title='bbox 915 1675 1231 1733; x_wconf 83' lang='lat' dir='ltr'>subjiciuntur</span> <span class='ocrx_word' id='word_1_143' title='bbox 1266 1689 1319 1720; x_wconf 86' lang='lat' dir='ltr'>ae</span> <span class='ocrx_word' id='word_1_144' title='bbox 1354 1676 1441 1720; x_wconf 85' lang='lat' dir='ltr'>alia</span> <span class='ocrx_word' id='word_1_145' title='bbox 1476 1674 1671 1733; x_wconf 78' lang='lat' dir='ltr'>collegia</span> <span class='ocrx_word' id='word_1_146' title='bbox 1697 1679 1743 1719; x_wconf 93' lang='lat' dir='ltr'>et</span> <span class='ocrx_word' id='word_1_147' title='bbox 1768 1674 1937 1719; x_wconf 89' lang='lat' dir='ltr'>domus</span> 
     </span>
     <span class='ocr_line' id='line_1_20' title="bbox 227 1752 972 1811; baseline 0.001 -15"><span class='ocrx_word' id='word_1_148' title='bbox 227 1753 438 1811; x_wconf 82' lang='lat' dir='ltr'>ejiisdem</span> <span class='ocrx_word' id='word_1_149' title='bbox 461 1754 662 1811; x_wconf 76' lang='lat' dir='ltr'>generis.</span> <span class='ocrx_word' id='word_1_150' title='bbox 687 1752 846 1810; x_wconf 79' lang='lat' dir='ltr'>(Ibid.</span> <span class='ocrx_word' id='word_1_151' title='bbox 876 1752 972 1811; x_wconf 77' lang='lat'>17.)</span> 
     </span>
    </p>
   </div>
   <div class='ocr_carea' id='block_1_7' title="bbox 219 1894 1936 2954">
    <p class='ocr_par' dir='ltr' id='par_1_7' title="bbox 224 1894 1936 2243">
     <span class='ocr_line' id='line_1_21' title="bbox 280 1894 1936 1942; baseline 0.001 -12"><span class='ocrx_word' id='word_1_152' title='bbox 280 1894 291 1921; x_wconf 81' lang='lat'><strong>1</strong></span> <span class='ocrx_word' id='word_1_153' title='bbox 314 1897 405 1941; x_wconf 80' lang='lat' dir='ltr'>Quae</span> <span class='ocrx_word' id='word_1_154' title='bbox 433 1900 577 1940; x_wconf 82' lang='lat' dir='ltr'>tamen,</span> <span class='ocrx_word' id='word_1_155' title='bbox 602 1897 685 1933; x_wconf 89' lang='lat' dir='ltr'>sive</span> <span class='ocrx_word' id='word_1_156' title='bbox 710 1907 757 1932; x_wconf 87' lang='lat' dir='ltr'>ex</span> <span class='ocrx_word' id='word_1_157' title='bbox 786 1896 873 1942; x_wconf 83' lang='lat' dir='ltr'>jure</span> <span class='ocrx_word' id='word_1_158' title='bbox 902 1897 1101 1932; x_wconf 81' lang='lat' dir='ltr'>communi</span> <span class='ocrx_word' id='word_1_159' title='bbox 1123 1900 1159 1933; x_wconf 85' lang='lat' dir='ltr'>et</span> <span class='ocrx_word' id='word_1_160' title='bbox 1180 1899 1331 1940; x_wconf 87' lang='lat' dir='ltr'>nostro,</span> <span class='ocrx_word' id='word_1_161' title='bbox 1356 1897 1438 1932; x_wconf 82' lang='lat' dir='ltr'>sive</span> <span class='ocrx_word' id='word_1_162' title='bbox 1459 1907 1506 1932; x_wconf 81' lang='lat' dir='ltr'>ex</span> <span class='ocrx_word' id='word_1_163' title='bbox 1538 1895 1694 1932; x_wconf 91' lang='lat' dir='ltr'>Indulto</span> <span class='ocrx_word' id='word_1_164' title='bbox 1724 1896 1936 1942; x_wconf 85' lang='lat' dir='ltr'>apostolico</span> 
     </span>
     <span class='ocr_line' id='line_1_22' title="bbox 227 1956 1936 2004; baseline 0.001 -14"><span class='ocrx_word' id='word_1_165' title='bbox 227 1957 469 2002; x_wconf 75' lang='lat' dir='ltr'>perciperent</span> <span class='ocrx_word' id='word_1_166' title='bbox 498 1957 644 1999; x_wconf 79' lang='lat' dir='ltr'>Nostri,</span> <span class='ocrx_word' id='word_1_167' title='bbox 676 1957 757 1992; x_wconf 68' lang='lat' dir='ltr'>liaeo</span> <span class='ocrx_word' id='word_1_168' title='bbox 788 1956 978 1992; x_wconf 71' lang='lat' dir='ltr'>societati</span> <span class='ocrx_word' id='word_1_169' title='bbox 1011 1956 1279 2004; x_wconf 72' lang='lat' dir='ltr'>acquiruntur</span> <span class='ocrx_word' id='word_1_170' title='bbox 1309 1959 1346 1992; x_wconf 88' lang='lat' dir='ltr'>et</span> <span class='ocrx_word' id='word_1_171' title='bbox 1376 1956 1416 1991; x_wconf 88' lang='lat' dir='ltr'>in</span> <span class='ocrx_word' id='word_1_172' title='bbox 1446 1966 1535 1992; x_wconf 91' lang='lat' dir='ltr'>eum</span> <span class='ocrx_word' id='word_1_173' title='bbox 1567 1966 1682 1992; x_wconf 88' lang='lat' dir='ltr'>usum</span> <span class='ocrx_word' id='word_1_174' title='bbox 1712 1956 1936 1991; x_wconf 85' lang='lat' dir='ltr'>adhihenda</span> 
     </span>
     <span class='ocr_line' id='line_1_23' title="bbox 225 2015 1936 2061; baseline 0.001 -13"><span class='ocrx_word' id='word_1_175' title='bbox 225 2026 339 2060; x_wconf 86' lang='lat' dir='ltr'>quem</span> <span class='ocrx_word' id='word_1_176' title='bbox 374 2016 577 2051; x_wconf 85' lang='lat' dir='ltr'>Generalis</span> <span class='ocrx_word' id='word_1_177' title='bbox 611 2016 848 2052; x_wconf 81' lang='lat' dir='ltr'>definiverit.</span> <span class='ocrx_word' id='word_1_178' title='bbox 884 2015 936 2051; x_wconf 90' lang='lat' dir='ltr'>De</span> <span class='ocrx_word' id='word_1_179' title='bbox 966 2016 1081 2052; x_wconf 87' lang='lat' dir='ltr'>bonis</span> <span class='ocrx_word' id='word_1_180' title='bbox 1116 2017 1221 2052; x_wconf 90' lang='lat' dir='ltr'>enim</span> <span class='ocrx_word' id='word_1_181' title='bbox 1255 2016 1460 2052; x_wconf 85' lang='lat' dir='ltr'>Societatis</span> <span class='ocrx_word' id='word_1_182' title='bbox 1493 2016 1604 2051; x_wconf 79' lang='lat' dir='ltr'>netas</span> <span class='ocrx_word' id='word_1_183' title='bbox 1637 2018 1697 2051; x_wconf 87' lang='lat' dir='ltr'>est</span> <span class='ocrx_word' id='word_1_184' title='bbox 1728 2015 1936 2061; x_wconf 87' lang='lat' dir='ltr'>disponere</span> 
     </span>
     <span class='ocr_line' id='line_1_24' title="bbox 226 2074 1936 2121; baseline 0 -11"><span class='ocrx_word' id='word_1_185' title='bbox 226 2076 368 2110; x_wconf 82' lang='lat' dir='ltr'>nedum</span> <span class='ocrx_word' id='word_1_186' title='bbox 387 2075 426 2110; x_wconf 90' lang='lat' dir='ltr'>in</span> <span class='ocrx_word' id='word_1_187' title='bbox 445 2075 618 2110; x_wconf 79' lang='lat' dir='ltr'>favorem</span> <span class='ocrx_word' id='word_1_188' title='bbox 637 2075 860 2118; x_wconf 80' lang='lat' dir='ltr'>Seminarii,</span> <span class='ocrx_word' id='word_1_189' title='bbox 880 2075 1107 2119; x_wconf 80' lang='lat' dir='ltr'>Convictus,</span> <span class='ocrx_word' id='word_1_190' title='bbox 1126 2079 1216 2112; x_wconf 90' lang='lat' dir='ltr'>etc..</span> <span class='ocrx_word' id='word_1_191' title='bbox 1237 2076 1304 2112; x_wconf 89' lang='lat' dir='ltr'>sed</span> <span class='ocrx_word' id='word_1_192' title='bbox 1324 2086 1373 2111; x_wconf 91' lang='lat' dir='ltr'>ne</span> <span class='ocrx_word' id='word_1_193' title='bbox 1393 2075 1551 2121; x_wconf 87' lang='lat' dir='ltr'>quidem</span> <span class='ocrx_word' id='word_1_194' title='bbox 1574 2075 1615 2110; x_wconf 88' lang='lat' dir='ltr'>in</span> <span class='ocrx_word' id='word_1_195' title='bbox 1634 2075 1732 2110; x_wconf 89' lang='lat' dir='ltr'>fines</span> <span class='ocrx_word' id='word_1_196' title='bbox 1753 2074 1936 2110; x_wconf 84' lang='lat' dir='ltr'>Societati</span> 
     </span>
     <span class='ocr_line' id='line_1_25' title="bbox 226 2131 1933 2183; baseline 0.001 -15"><span class='ocrx_word' id='word_1_197' title='bbox 226 2135 404 2180; x_wconf 88' lang='lat' dir='ltr'>proprios</span> <span class='ocrx_word' id='word_1_198' title='bbox 425 2135 574 2180; x_wconf 89' lang='lat' dir='ltr'>absque</span> <span class='ocrx_word' id='word_1_199' title='bbox 595 2135 753 2170; x_wconf 87' lang='lat' dir='ltr'>licentia</span> <span class='ocrx_word' id='word_1_200' title='bbox 775 2134 997 2180; x_wconf 85' lang='lat' dir='ltr'>Superioris</span> <span class='ocrx_word' id='word_1_201' title='bbox 1019 2135 1086 2181; x_wconf 90' lang='lat' dir='ltr'>qui</span> <span class='ocrx_word' id='word_1_202' title='bbox 1107 2146 1149 2171; x_wconf 83' lang='lat' dir='ltr'>ea</span> <span class='ocrx_word' id='word_1_203' title='bbox 1175 2136 1374 2181; x_wconf 82' lang='lat' dir='ltr'>applicare</span> <span class='ocrx_word' id='word_1_204' title='bbox 1394 2138 1535 2181; x_wconf 86' lang='lat' dir='ltr'>potest.</span> <span class='ocrx_word' id='word_1_205' title='bbox 1560 2131 1616 2183; x_wconf 79' lang='lat' dir='ltr'>(P.</span> <span class='ocrx_word' id='word_1_206' title='bbox 1642 2134 1802 2178; x_wconf 86' lang='lat' dir='ltr'>Martin‚</span> <span class='ocrx_word' id='word_1_207' title='bbox 1824 2134 1933 2177; x_wconf 92' lang='lat' dir='ltr'>Ord.‚</span> 
     </span>
     <span class='ocr_line' id='line_1_26' title="bbox 224 2194 1425 2243; baseline 0.002 -15"><span class='ocrx_word' id='word_1_208' title='bbox 224 2203 294 2238; x_wconf 89' lang='lat' dir='ltr'>pro</span> <span class='ocrx_word' id='word_1_209' title='bbox 316 2197 452 2240; x_wconf 69' lang='lat' dir='ltr'>temp,</span> <span class='ocrx_word' id='word_1_210' title='bbox 478 2205 518 2230; x_wconf 91' lang='lat' dir='ltr'>n.</span> <span class='ocrx_word' id='word_1_211' title='bbox 544 2195 608 2237; x_wconf 81' lang='lat'>37,</span> <span class='ocrx_word' id='word_1_212' title='bbox 632 2205 679 2230; x_wconf 82' lang='lat' dir='ltr'>ex</span> <span class='ocrx_word' id='word_1_213' title='bbox 702 2195 825 2230; x_wconf 87' lang='lat' dir='ltr'>Leone</span> <span class='ocrx_word' id='word_1_214' title='bbox 847 2195 948 2237; x_wconf 82' lang='lat' dir='ltr'>XIII,</span> <span class='ocrx_word' id='word_1_215' title='bbox 973 2197 1167 2231; x_wconf 74' lang='lat' dir='ltr'>Romanos</span> <span class='ocrx_word' id='word_1_216' title='bbox 1186 2194 1425 2243; x_wconf 75' lang='lat' dir='ltr'>Pontifices.)</span> 
     </span>
    </p>

    <p class='ocr_par' dir='ltr' id='par_1_8' title="bbox 222 2253 1935 2418">
     <span class='ocr_line' id='line_1_27' title="bbox 277 2253 1934 2300; baseline 0.001 -12"><span class='ocrx_word' id='word_1_217' title='bbox 277 2253 416 2289; x_wconf 79' lang='lat' dir='ltr'>L&#39;trum</span> <span class='ocrx_word' id='word_1_218' title='bbox 434 2254 559 2299; x_wconf 86' lang='lat' dir='ltr'>possit</span> <span class='ocrx_word' id='word_1_219' title='bbox 581 2254 714 2290; x_wconf 88' lang='lat' dir='ltr'>schola</span> <span class='ocrx_word' id='word_1_220' title='bbox 736 2254 950 2300; x_wconf 82' lang='lat' dir='ltr'>apostolica</span> <span class='ocrx_word' id='word_1_221' title='bbox 970 2254 1076 2290; x_wconf 89' lang='lat' dir='ltr'>uniri</span> <span class='ocrx_word' id='word_1_222' title='bbox 1098 2254 1268 2300; x_wconf 78' lang='lat' dir='ltr'>Collegio</span> <span class='ocrx_word' id='word_1_223' title='bbox 1285 2257 1327 2290; x_wconf 87' lang='lat' dir='ltr'>ut</span> <span class='ocrx_word' id='word_1_224' title='bbox 1342 2254 1563 2290; x_wconf 85' lang='lat' dir='ltr'>membrum</span> <span class='ocrx_word' id='word_1_225' title='bbox 1582 2253 1805 2299; x_wconf 88' lang='lat' dir='ltr'>dependens</span> <span class='ocrx_word' id='word_1_226' title='bbox 1826 2253 1934 2289; x_wconf 90' lang='lat' dir='ltr'>inde-</span> 
     </span>
     <span class='ocr_line' id='line_1_28' title="bbox 223 2313 1935 2361; baseline 0.002 -15"><span class='ocrx_word' id='word_1_227' title='bbox 223 2323 297 2357; x_wconf 84' lang='lat' dir='ltr'>que</span> <span class='ocrx_word' id='word_1_228' title='bbox 318 2323 388 2358; x_wconf 88' lang='lat' dir='ltr'>pro</span> <span class='ocrx_word' id='word_1_229' title='bbox 409 2316 640 2359; x_wconf 85' lang='lat' dir='ltr'>paupertate</span> <span class='ocrx_word' id='word_1_230' title='bbox 663 2324 702 2349; x_wconf 83' lang='lat' dir='ltr'>so</span> <span class='ocrx_word' id='word_1_231' title='bbox 724 2313 867 2349; x_wconf 80' lang='lat' dir='ltr'>habere</span> <span class='ocrx_word' id='word_1_232' title='bbox 889 2314 968 2349; x_wconf 77' lang='lat' dir='ltr'>tere</span> <span class='ocrx_word' id='word_1_233' title='bbox 989 2316 1032 2349; x_wconf 92' lang='lat' dir='ltr'>ut</span> <span class='ocrx_word' id='word_1_234' title='bbox 1053 2313 1280 2350; x_wconf 81' lang='lat' dir='ltr'>Residentia</span> <span class='ocrx_word' id='word_1_235' title='bbox 1302 2314 1542 2359; x_wconf 85' lang='lat' dir='ltr'>dependens,</span> <span class='ocrx_word' id='word_1_236' title='bbox 1562 2314 1612 2349; x_wconf 81' lang='lat' dir='ltr'>ct.</span> <span class='ocrx_word' id='word_1_237' title='bbox 1630 2316 1681 2350; x_wconf 90' lang='lat' dir='ltr'>De</span> <span class='ocrx_word' id='word_1_238' title='bbox 1697 2315 1935 2361; x_wconf 77' lang='lat' dir='ltr'>Paupertate</span> 
     </span>
     <span class='ocr_line' id='line_1_29' title="bbox 222 2373 646 2418; baseline 0.002 -12"><span class='ocrx_word' id='word_1_239' title='bbox 222 2374 261 2414; x_wconf 66' lang='lat' dir='ltr'>S,</span> <span class='ocrx_word' id='word_1_240' title='bbox 286 2374 339 2414; x_wconf 52' lang='lat' dir='ltr'>J„</span> <span class='ocrx_word' id='word_1_241' title='bbox 364 2383 403 2408; x_wconf 83' lang='lat'>11.</span> <span class='ocrx_word' id='word_1_242' title='bbox 433 2373 480 2408; x_wconf 79' lang='lat'>78</span> <span class='ocrx_word' id='word_1_243' title='bbox 502 2376 538 2408; x_wconf 89' lang='lat' dir='ltr'>et</span> <span class='ocrx_word' id='word_1_244' title='bbox 561 2383 646 2418; x_wconf 88' lang='lat' dir='ltr'>sqq.</span> 
     </span>
    </p>

    <p class='ocr_par' dir='ltr' id='par_1_9' title="bbox 219 2431 1934 2954">
     <span class='ocr_line' id='line_1_30' title="bbox 276 2431 1934 2479; baseline 0 -13"><span class='ocrx_word' id='word_1_245' title='bbox 276 2431 414 2467; x_wconf 88' lang='lat' dir='ltr'>Utrum</span> <span class='ocrx_word' id='word_1_246' title='bbox 446 2436 683 2478; x_wconf 79' lang='lat' dir='ltr'>repugnaret</span> <span class='ocrx_word' id='word_1_247' title='bbox 710 2432 895 2469; x_wconf 85' lang='lat' dir='ltr'>Instituto</span> <span class='ocrx_word' id='word_1_248' title='bbox 926 2437 1100 2479; x_wconf 87' lang='lat' dir='ltr'>pactum,</span> <span class='ocrx_word' id='word_1_249' title='bbox 1132 2444 1209 2479; x_wconf 89' lang='lat' dir='ltr'>quo</span> <span class='ocrx_word' id='word_1_250' title='bbox 1241 2433 1415 2469; x_wconf 81' lang='lat' dir='ltr'>Societas</span> <span class='ocrx_word' id='word_1_251' title='bbox 1445 2433 1634 2479; x_wconf 84' lang='lat' dir='ltr'>reciperet</span> <span class='ocrx_word' id='word_1_252' title='bbox 1665 2443 1685 2468; x_wconf 89' lang='lat' dir='ltr'>a</span> <span class='ocrx_word' id='word_1_253' title='bbox 1717 2432 1934 2468; x_wconf 87' lang='lat' dir='ltr'>Seminario</span> 
     </span>
     <span class='ocr_line' id='line_1_31' title="bbox 221 2492 1932 2538; baseline 0.001 -14"><span class='ocrx_word' id='word_1_254' title='bbox 221 2492 550 2528; x_wconf 82' lang='lat' dir='ltr'>contributionem</span> <span class='ocrx_word' id='word_1_255' title='bbox 575 2503 644 2538; x_wconf 89' lang='lat' dir='ltr'>pro</span> <span class='ocrx_word' id='word_1_256' title='bbox 667 2493 939 2529; x_wconf 82' lang='lat' dir='ltr'>sustentandis</span> <span class='ocrx_word' id='word_1_257' title='bbox 964 2494 1216 2529; x_wconf 80' lang='lat' dir='ltr'>Scholasticis</span> <span class='ocrx_word' id='word_1_258' title='bbox 1239 2493 1307 2538; x_wconf 91' lang='lat' dir='ltr'>qui</span> <span class='ocrx_word' id='word_1_259' title='bbox 1329 2494 1567 2535; x_wconf 72' lang='lat' dir='ltr'>formantur,</span> <span class='ocrx_word' id='word_1_260' title='bbox 1587 2495 1627 2528; x_wconf 89' lang='lat' dir='ltr'>ut</span> <span class='ocrx_word' id='word_1_261' title='bbox 1644 2493 1857 2538; x_wconf 88' lang='lat' dir='ltr'>aliquando</span> <span class='ocrx_word' id='word_1_262' title='bbox 1878 2492 1932 2526; x_wconf 88' lang='lat' dir='ltr'>ibi</span> 
     </span>
     <span class='ocr_line' id='line_1_32' title="bbox 221 2550 1934 2600; baseline 0.002 -17"><span class='ocrx_word' id='word_1_263' title='bbox 221 2550 397 2587; x_wconf 66' lang='lat' dir='ltr'>‹tot-cant.</span> <span class='ocrx_word' id='word_1_264' title='bbox 431 2555 547 2597; x_wconf 82' lang='lat' dir='ltr'>negat</span> <span class='ocrx_word' id='word_1_265' title='bbox 580 2552 727 2587; x_wconf 68' lang='lat' dir='ltr'>Auctor</span> <span class='ocrx_word' id='word_1_266' title='bbox 756 2552 884 2598; x_wconf 88' lang='lat' dir='ltr'>operis</span> <span class='ocrx_word' id='word_1_267' title='bbox 906 2555 956 2588; x_wconf 87' lang='lat' dir='ltr'>De</span> <span class='ocrx_word' id='word_1_268' title='bbox 982 2555 1216 2600; x_wconf 78' lang='lat' dir='ltr'>Paupertate</span> <span class='ocrx_word' id='word_1_269' title='bbox 1244 2555 1282 2589; x_wconf 79' lang='lat' dir='ltr'>S.</span> <span class='ocrx_word' id='word_1_270' title='bbox 1309 2555 1362 2589; x_wconf 87' lang='lat' dir='ltr'>J..</span> <span class='ocrx_word' id='word_1_271' title='bbox 1387 2563 1427 2588; x_wconf 90' lang='lat' dir='ltr'>n.</span> <span class='ocrx_word' id='word_1_272' title='bbox 1456 2552 1519 2594; x_wconf 77' lang='lat'>83,</span> <span class='ocrx_word' id='word_1_273' title='bbox 1546 2562 1631 2598; x_wconf 88' lang='lat' dir='ltr'>sqq.</span> <span class='ocrx_word' id='word_1_274' title='bbox 1659 2552 1934 2587; x_wconf 81' lang='lat' dir='ltr'>Affirmaverat</span> 
     </span>
     <span class='ocr_line' id='line_1_33' title="bbox 222 2609 1931 2657; baseline 0.001 -13"><span class='ocrx_word' id='word_1_275' title='bbox 222 2609 259 2644; x_wconf 81' lang='lat' dir='ltr'>l‘.</span> <span class='ocrx_word' id='word_1_276' title='bbox 285 2610 487 2646; x_wconf 79' lang='lat' dir='ltr'>Assistcns</span> <span class='ocrx_word' id='word_1_277' title='bbox 509 2611 557 2646; x_wconf 71' lang='lat'>24</span> <span class='ocrx_word' id='word_1_278' title='bbox 578 2612 670 2646; x_wconf 88' lang='lat' dir='ltr'>maii</span> <span class='ocrx_word' id='word_1_279' title='bbox 696 2611 808 2655; x_wconf 67' lang='lat'>18:53,</span> <span class='ocrx_word' id='word_1_280' title='bbox 828 2623 897 2657; x_wconf 88' lang='lat' dir='ltr'>pro</span> <span class='ocrx_word' id='word_1_281' title='bbox 920 2612 1151 2647; x_wconf 81' lang='lat' dir='ltr'>Scininariis</span> <span class='ocrx_word' id='word_1_282' title='bbox 1172 2612 1212 2647; x_wconf 88' lang='lat' dir='ltr'>in</span> <span class='ocrx_word' id='word_1_283' title='bbox 1235 2612 1362 2647; x_wconf 85' lang='lat' dir='ltr'>Gallia</span> <span class='ocrx_word' id='word_1_284' title='bbox 1384 2624 1392 2647; x_wconf 89' lang='grc'>;</span> <span class='ocrx_word' id='word_1_285' title='bbox 1414 2614 1453 2647; x_wconf 91' lang='lat' dir='ltr'>at</span> <span class='ocrx_word' id='word_1_286' title='bbox 1475 2612 1574 2647; x_wconf 80' lang='lat' dir='ltr'>sorte</span> <span class='ocrx_word' id='word_1_287' title='bbox 1594 2621 1672 2647; x_wconf 93' lang='lat' dir='ltr'>non</span> <span class='ocrx_word' id='word_1_288' title='bbox 1694 2614 1931 2656; x_wconf 59' lang='lat' dir='ltr'>praetereun-</span> 
     </span>
     <span class='ocr_line' id='line_1_34' title="bbox 220 2669 1932 2718; baseline 0.002 -16"><span class='ocrx_word' id='word_1_289' title='bbox 220 2669 310 2703; x_wconf 74' lang='lat' dir='ltr'>‹luni</span> <span class='ocrx_word' id='word_1_290' title='bbox 338 2671 438 2714; x_wconf 84' lang='lat' dir='ltr'>quod</span> <span class='ocrx_word' id='word_1_291' title='bbox 469 2671 548 2705; x_wconf 59' lang='lat' dir='ltr'>hav</span> <span class='ocrx_word' id='word_1_292' title='bbox 574 2671 793 2706; x_wconf 71' lang='lat' dir='ltr'>seminaria</span> <span class='ocrx_word' id='word_1_293' title='bbox 817 2675 908 2707; x_wconf 80' lang='lat' dir='ltr'>tunc</span> <span class='ocrx_word' id='word_1_294' title='bbox 939 2672 1188 2707; x_wconf 82' lang='lat' dir='ltr'>habebantur</span> <span class='ocrx_word' id='word_1_295' title='bbox 1210 2671 1357 2718; x_wconf 86' lang='lat' dir='ltr'>(utrum</span> <span class='ocrx_word' id='word_1_296' title='bbox 1381 2671 1520 2707; x_wconf 88' lang='lat' dir='ltr'>merito</span> <span class='ocrx_word' id='word_1_297' title='bbox 1542 2681 1591 2706; x_wconf 88' lang='lat' dir='ltr'>an</span> <span class='ocrx_word' id='word_1_298' title='bbox 1619 2671 1829 2713; x_wconf 85' lang='lat' dir='ltr'>immerito,</span> <span class='ocrx_word' id='word_1_299' title='bbox 1853 2680 1932 2705; x_wconf 90' lang='lat' dir='ltr'>non</span> 
     </span>
     <span class='ocr_line' id='line_1_35' title="bbox 222 2729 1931 2778; baseline 0.001 -16"><span class='ocrx_word' id='word_1_300' title='bbox 222 2732 331 2763; x_wconf 73' lang='lat' dir='ltr'>vacat</span> <span class='ocrx_word' id='word_1_301' title='bbox 353 2734 543 2778; x_wconf 80' lang='lat' dir='ltr'>qua-rere)</span> <span class='ocrx_word' id='word_1_302' title='bbox 571 2733 611 2765; x_wconf 87' lang='lat' dir='ltr'>ut</span> <span class='ocrx_word' id='word_1_303' title='bbox 633 2740 724 2766; x_wconf 64' lang='lat' dir='ltr'>vera</span> <span class='ocrx_word' id='word_1_304' title='bbox 753 2730 935 2777; x_wconf 78' lang='lat' dir='ltr'>Collegia.</span> <span class='ocrx_word' id='word_1_305' title='bbox 963 2731 1101 2766; x_wconf 84' lang='lat' dir='ltr'>Recole</span> <span class='ocrx_word' id='word_1_306' title='bbox 1128 2731 1232 2767; x_wconf 88' lang='lat' dir='ltr'>dicta</span> <span class='ocrx_word' id='word_1_307' title='bbox 1259 2731 1299 2766; x_wconf 89' lang='lat' dir='ltr'>P.</span> <span class='ocrx_word' id='word_1_308' title='bbox 1327 2731 1388 2767; x_wconf 82' lang='lat' dir='ltr'>IV.</span> <span class='ocrx_word' id='word_1_309' title='bbox 1415 2742 1446 2767; x_wconf 89' lang='lat' dir='ltr'>c.</span> <span class='ocrx_word' id='word_1_310' title='bbox 1478 2741 1548 2773; x_wconf 78' lang='lat' dir='ltr'>xii,</span> <span class='ocrx_word' id='word_1_311' title='bbox 1573 2730 1613 2765; x_wconf 92' lang='lat' dir='ltr'>in</span> <span class='ocrx_word' id='word_1_312' title='bbox 1636 2730 1797 2766; x_wconf 87' lang='lat' dir='ltr'>scholio.</span> <span class='ocrx_word' id='word_1_313' title='bbox 1823 2729 1931 2773; x_wconf 88' lang='lat' dir='ltr'>Quod</span> 
     </span>
     <span class='ocr_line' id='line_1_36' title="bbox 219 2788 1930 2835; baseline 0.002 -15"><span class='ocrx_word' id='word_1_314' title='bbox 219 2791 347 2822; x_wconf 81' lang='lat' dir='ltr'>autem</span> <span class='ocrx_word' id='word_1_315' title='bbox 371 2788 396 2824; x_wconf 92' lang='lat' dir='ltr'>l.</span> <span class='ocrx_word' id='word_1_316' title='bbox 421 2799 453 2824; x_wconf 86' lang='lat' dir='ltr'>c.</span> <span class='ocrx_word' id='word_1_317' title='bbox 479 2793 593 2834; x_wconf 72' lang='lat' dir='ltr'>negat</span> <span class='ocrx_word' id='word_1_318' title='bbox 622 2790 670 2825; x_wconf 86' lang='lat' dir='ltr'>cl.</span> <span class='ocrx_word' id='word_1_319' title='bbox 697 2790 843 2825; x_wconf 81' lang='lat' dir='ltr'>Auctor</span> <span class='ocrx_word' id='word_1_320' title='bbox 875 2791 1151 2832; x_wconf 80' lang='lat' dir='ltr'>Scholasticos,</span> <span class='ocrx_word' id='word_1_321' title='bbox 1183 2791 1275 2825; x_wconf 87' lang='lat' dir='ltr'>dum</span> <span class='ocrx_word' id='word_1_322' title='bbox 1308 2791 1544 2829; x_wconf 71' lang='lat' dir='ltr'>formantur.</span> <span class='ocrx_word' id='word_1_323' title='bbox 1570 2799 1684 2835; x_wconf 87' lang='lat' dir='ltr'>posse</span> <span class='ocrx_word' id='word_1_324' title='bbox 1715 2788 1930 2825; x_wconf 85' lang='lat' dir='ltr'>sustentari</span> 
     </span>
     <span class='ocr_line' id='line_1_37' title="bbox 223 2847 1929 2895; baseline 0.002 -16"><span class='ocrx_word' id='word_1_325' title='bbox 223 2847 546 2883; x_wconf 72' lang='lat' dir='ltr'>retributionibus</span> <span class='ocrx_word' id='word_1_326' title='bbox 571 2849 844 2892; x_wconf 61' lang='lat' dir='ltr'>lenm-norum,</span> <span class='ocrx_word' id='word_1_327' title='bbox 867 2850 1066 2895; x_wconf 77' lang='lat' dir='ltr'>expendas</span> <span class='ocrx_word' id='word_1_328' title='bbox 1083 2850 1199 2885; x_wconf 79' lang='lat' dir='ltr'>velim</span> <span class='ocrx_word' id='word_1_329' title='bbox 1219 2860 1266 2885; x_wconf 86' lang='lat' dir='ltr'>ex</span> <span class='ocrx_word' id='word_1_330' title='bbox 1288 2861 1326 2884; x_wconf 90' lang='lat' dir='ltr'>n.</span> <span class='ocrx_word' id='word_1_331' title='bbox 1356 2850 1402 2885; x_wconf 72' lang='lat'>155</span> <span class='ocrx_word' id='word_1_332' title='bbox 1429 2850 1519 2885; x_wconf 82' lang='lat' dir='ltr'>ord.</span> <span class='ocrx_word' id='word_1_333' title='bbox 1544 2849 1588 2884; x_wconf 88' lang='lat' dir='ltr'>R.</span> <span class='ocrx_word' id='word_1_334' title='bbox 1615 2847 1654 2883; x_wconf 90' lang='lat' dir='ltr'>P.</span> <span class='ocrx_word' id='word_1_335' title='bbox 1680 2849 1838 2891; x_wconf 85' lang='lat' dir='ltr'>Martin,</span> <span class='ocrx_word' id='word_1_336' title='bbox 1863 2848 1929 2883; x_wconf 90' lang='lat' dir='ltr'>ubi</span> 
     </span>
     <span class='ocr_line' id='line_1_38' title="bbox 220 2907 1606 2954; baseline 0.004 -15"><span class='ocrx_word' id='word_1_337' title='bbox 220 2908 411 2941; x_wconf 66' lang='lat' dir='ltr'>asseritur</span> <span class='ocrx_word' id='word_1_338' title='bbox 432 2918 543 2951; x_wconf 68' lang='lat' dir='ltr'>possi·</span> <span class='ocrx_word' id='word_1_339' title='bbox 565 2908 834 2944; x_wconf 81' lang='lat' dir='ltr'>[undationem</span> <span class='ocrx_word' id='word_1_340' title='bbox 858 2909 1034 2954; x_wconf 87' lang='lat' dir='ltr'>suppleri</span> <span class='ocrx_word' id='word_1_341' title='bbox 1056 2909 1284 2954; x_wconf 83' lang='lat' dir='ltr'>hujusmodi</span> <span class='ocrx_word' id='word_1_342' title='bbox 1308 2907 1606 2944; x_wconf 72' lang='lat' dir='ltr'>minervalilms.</span> 
     </span>
    </p>
   </div>
  </div>
 </body>
</html>
