2145 3366
100 1290 151 1318 137

221 239 293 277 128
894 247 1005 275 mas
1037 247 1246 275 SECUNDA

212 428 352 463 habeat
374 428 477 463 idem
498 430 631 463 votum
653 427 969 463 controvertitur.
990 427 1061 473 (Cf.
1083 427 1121 462 P.
1147 426 1410 462 Montrouzier
1428 437 1516 462 cum
1535 426 1640 463 notis
1661 427 1701 463 P.
1727 427 1916 473 Adigard,

213 498 242 523 c.
269 498 350 530 XVI,
374 497 414 523 n.
440 484 497 536 4.)

265 579 281 606 -2
302 581 492 618 Decentiae
523 584 719 628 repugnat
747 581 919 617 dormire
949 583 1075 616 tectus
1104 580 1186 617 solo
1215 580 1459 625 linteamine,
1483 580 1654 617 maxime
1672 581 1713 617 in
1740 581 1920 617 cubiculo

212 641 278 677 ubi
299 642 388 688 quis
418 641 591 687 conspici
625 644 753 687 potest
779 638 834 689 (a.
866 638 995 689 1587).
1021 640 1072 675 De
1091 640 1259 684 balneis,
1284 641 1333 676 ci.
1358 641 1476 676 intra.
1499 640 1567 676 ubi
1598 641 1643 676 de
1676 640 1916 677 valetudine.

263 734 279 761 3
299 737 436 782 Majori
468 736 620 772 ratione
652 740 813 782 tangere
833 739 1016 772 externos
1038 736 1270 781 prohibetur
1289 732 1347 785 (S.
1372 737 1509 772 Franc.
1542 736 1698 782 Borgia,
1719 746 1758 772 a.
1787 736 1917 783 1570),

210 797 327 832 etiam
348 807 467 842 supra
498 800 626 832 vestes
650 793 705 843 (a.
734 795 864 835 1585).
898 795 1031 839 Quoad
1052 798 1181 831 tactus
1215 795 1451 841 impudicos,
1473 795 1767 831 abhorrendum
1790 799 1849 832 est
1869 797 1919 832 ab

210 856 392 902 opinione
413 867 499 902 qua}
520 866 564 892 ea
586 866 607 891 a
629 855 740 901 gravi
771 858 928 900 peccato
958 858 1120 890 excusat
1143 851 1199 904 (a.
1223 852 1357 904 1606).
1379 855 1593 901 Nequidem
1622 865 1784 891 manum
1806 865 1918 891 oscu-

210 916 370 952 landam
401 916 558 952 leminis
577 926 620 950 ae
642 914 785 960 puellis
819 914 1019 960 porrigere
1049 914 1155 950 decet
1179 911 1235 963 (a.
1260 914 1390 961 1596).
1413 915 1455 951 Id
1476 914 1598 960 igitur
1626 915 1833 951 vitandum
1861 918 1919 951 est

209 979 402 1021 quantum
432 986 516 1011 mos
559 975 696 1020 patriae
739 974 933 1020 permittit
960 971 1177 1023 (alcea).
1210 974 1248 1010 S.
1282 975 1459 1020 Ignatius
1493 985 1571 1010 non
1602 975 1804 1020 judicabat
1834 985 1919 1011 esse

209 1038 344 1072 contra
373 1035 473 1071 hanc
504 1034 681 1080 regulam
710 1044 871 1069 manum
903 1033 1077 1079 praebere
1106 1044 1213 1070 more
1239 1033 1524 1070 Germanorum
1548 1031 1619 1083 (a).
1644 1034 1696 1070 De
1724 1035 1808 1080 joco
1829 1045 1918 1071 cum

209 1095 372 1131 canibus
394 1097 431 1130 et
453 1094 611 1137 felibus,
635 1093 685 1128 cf.
710 1093 941 1139 Nigronum,
962 1093 1003 1128 in
1026 1103 1107 1139 reg.
1129 1093 1235 1129 Com.
1262 1093 1323 1137 34,
1351 1094 1405 1140 (n.
1431 1094 1453 1129 6
1472 1094 1513 1129 in
1535 1093 1621 1140 fin).

267 1269 315 1315 3Ο
342 1270 531 1314 Confert
561 1269 814 1325 Clausum,
840 1282 944 1326 quae
967 1269 1262 1313 strictissime
1284 1269 1591 1313 custodienda
1612 1274 1682 1313 est
1700 1283 1755 1313 ex
1775 1270 1916 1314 Cons-

208 1348 505 1392 titutionibus
527 1347 596 1390 Pii
611 1347 650 1390 V
668 1347 993 1404 (Reyulam'um
1010 1347 1346 1402 Personarum,
1366 1347 1499 1402 1566,
1521 1352 1566 1390 et
1586 1347 1723 1391 Decet
1742 1347 1916 1392 Roma-

206 1440 334 1480 ·nsmn,
356 1425 505 1481 1570),
535 1430 580 1468 et
600 1425 814 1483 Gregorii
837 1424 945 1468 XIII
973 1425 1084 1477 (Ubi
1102 1426 1281 1483 mauge,
1305 1424 1455 1481 1573),
1487 1429 1532 1468 et
1552 1425 1793 1469 Benedicti
1812 1425 1916 1469 XIV

207 1503 489 1561 (Regyulctris,
527 1502 681 1559 1742),
723 1507 937 1546 recenter
972 1501 1280 1559 confirmatis,
1318 1501 1469 1560 quoad
1503 1503 1580 1560 jus
1615 1502 1798 1560 poenale
1831 1502 1915 1546 ad-

206 1594 395 1637 nexum,
432 1594 456 1624 a
490 1580 569 1623 Pio
598 1580 676 1636 IX,
706 1580 984 1637 Apostol‘e‘eae
1016 1580 1149 1624 Sedis
1184 1580 1357 1636 (1869);
1398 1579 1507 1624 solis
1540 1580 1716 1639 reginis
1750 1594 1914 1638 excep-

207 1658 303 1703 tis¹.
334 1659 447 1702 Eam
470 1658 641 1701 iterum
669 1658 804 1701 enixe
828 1657 1130 1702 commendat
1151 1658 1201 1702 C.
1224 1658 1297 1713 G„
1321 1657 1485 1713 XXIV,
1509 1657 1582 1715 20,
1603 1672 1649 1702 n.
1673 1657 1723 1714 33
1756 1663 1801 1702 et
1821 1671 1915 1702 ser·-

204 1736 300 1779 vari
331 1736 518 1779 mandat
554 1749 657 1794 quae
691 1735 740 1780 P.
775 1735 929 1779 Beckx
962 1750 1046 1794 pro
1084 1735 1386 1780 Convictibus
1422 1736 1583 1779 statuit
1617 1736 1691 1779 die
1723 1735 1776 1779 31
1806 1749 1909 1794 aug.

204 1813 313 1857 anni
347 1813 507 1857 18869.
551 1813 618 1857 Cf.
653 1813 703 1857 P.
742 1813 1026 1871 Anderledy,
1062 1813 1119 1858 24
1155 1819 1272 1872 sept.
1305 1813 1438 1869 1891,
1475 1818 1521 1857 et
1550 1813 1605 1857 R.
1639 1813 1688 1857 P.
1724 1813 1909 1869 Martin,

202 1891 260 1934 10
283 1905 387 1935 nov.
411 1890 543 1935 1893.

255 2029 267 2056 1
290 2032 367 2066 Hac
388 2031 428 2065 in
450 2030 614 2066 materia
643 2030 852 2074 clausurae,
875 2030 1026 2077 regitur
1048 2031 1220 2067 Societas
1240 2031 1328 2077 J'ure
1354 2031 1553 2067 communi
1582 2031 1782 2074 canonico,
1808 2030 1911 2077 quod

201 2091 336 2127 sedulo
359 2091 530 2126 inculcat
550 2090 590 2126 P.
606 2090 831 2136 Anderledy
853 2090 914 2136 (21
939 2101 1030 2127 nov.
1052 2090 1183 2139 1891).
1200 2091 1462 2127 Prohibentur
1473 2101 1591 2137 porro
1604 2090 1790 2127 mulieres
1804 2090 1912 2127 intra

200 2154 309 2196 septa
328 2146 557 2186 monasterii
578 2149 747 2195 ingredi,
760 2150 837 2185 nisi
853 2150 933 2186 sint
948 2150 1108 2196 reginae,
1121 2160 1306 2186 earumve
1324 2150 1416 2186 filiae
1430 2154 1499 2187 aut
1514 2151 1724 2187 comitatus
1737 2161 1745 2194 3
1764 2160 1911 2196 nequa-

200 2221 317 2256 quam
329 2219 422 2247 vero
435 2209 720 2255 permittuntur
738 2210 995 2253 fundatrices,
1010 2210 1088 2245 nisi
1106 2210 1282 2256 legitimo
1304 2210 1422 2246 alicui
1436 2211 1552 2246 titulo
1566 2207 1621 2260 (v.
1639 2221 1677 2257 g.
1693 2210 1910 2246 conditioni

200 2270 239 2305 iu
262 2270 397 2305 limine
418 2269 662 2304 fundationis
694 2267 900 2318 appositae)
922 2269 1132 2305 accesserit
1165 2270 1412 2306 confirmatio
1431 2270 1470 2306 S.
1497 2271 1608 2306 Sedis
1639 2270 1688 2306 ad
1710 2270 1907 2306 tramitem

200 2329 278 2365 Cst.
299 2329 492 2365 Benedicti
515 2329 597 2363 XIV
617 2328 823 2374 Reqularts
845 2327 996 2378 (1742),
1022 2332 1058 2365 et
1081 2330 1154 2365 sub
1177 2329 1373 2365 limitibus
1396 2330 1543 2366 ibidem
1564 2330 1909 2366 indicatis.Perse-

200 2399 335 2425 verare
363 2392 493 2424 tamen
525 2388 681 2423 videtur
710 2388 869 2424 licentia
890 2399 913 2424 a
934 2389 1000 2424 Pio
1020 2389 1051 2425 V
1074 2390 1177 2425 iacta
1210 2391 1234 2434 f
1236 2392 1344 2426 Decet
1376 2391 1622 2434 Romanum)
1652 2392 1694 2425 ut
1724 2389 1908 2426 mulieres

199 2449 423 2484 clausuram
446 2448 734 2494 ingrediantur,
760 2449 917 2493 quando
939 2449 987 2484 ob
1006 2459 1242 2485 concursum
1264 2449 1401 2495 populi
1424 2460 1503 2485 non
1524 2450 1678 2496 possint
1708 2450 1909 2485 commode

199 2508 351 2551 ingredi
370 2508 428 2543 vel
451 2508 581 2553 egredi
604 2518 670 2553 per
691 2511 844 2553 portam
866 2509 1098 2545 exteriorem
1123 2509 1310 2553 ecclesiae,
1328 2510 1383 2545 ita
1402 2512 1535 2545 tamen
1556 2512 1598 2545 ut
1623 2512 1728 2546 recta
1749 2509 1908 2545 tramite

199 2569 384 2603 accedant
411 2568 460 2602 ad
482 2570 634 2613 portam
665 2578 741 2612 qua
772 2569 972 2611 egreditur
993 2579 1015 2604 a
1038 2569 1290 2605 monasterio.
1329 2565 1399 2619 (Cf.
1424 2569 1635 2613 Pennachi,
1669 2569 1903 2611 Comment.,

200 2629 239 2662 in
261 2628 340 2663 Cst.
363 2626 592 2675 Apostolt‘cae
612 2627 737 2669 Sedis,
764 2631 790 2662 t.
817 2628 845 2671 Ι,
870 2639 906 2673 p.
935 2628 1025 2664 798.
1047 2649 1092 2653 -
1110 2629 1256 2672 Romae,
1280 2629 1374 2674 ΤΗ).
1397 2629 1444 2664 de
1464 2629 1628 2675 Propag.
1646 2629 1751 2672 Fide,
1770 2628 1906 2677 1883.)

201 2687 363 2732 Insuper
391 2686 564 2722 admittit
594 2686 848 2722 Reissenstuel
878 2688 1011 2724 bacin
1043 2699 1084 2724 re
1115 2689 1194 2725 vim
1225 2688 1526 2724 consuetudinis
1554 2688 1752 2734 legitima),
1785 2688 1903 2724 etiam

200 2746 437 2781 decennalis.
462 2743 520 2794 (L.
547 2746 612 2789 lll,
634 2748 661 2780 t.
688 2746 838 2789 XXXV,
861 2758 901 2782 11.
927 2746 1011 2796 46.)

252 2807 442 2841 ‹Ilausura
464 2816 578 2851 porro
599 2806 894 2850 comprehendit
911 2809 1035 2843 totum
1058 2807 1157 2843 illud
1176 2807 1348 2853 spatium
1367 2808 1471 2853 quod
1491 2807 1666 2844 ambitur
1687 2807 1812 2844 muris
1833 2817 1901 2843 seu

200 2865 320 2909 septis
346 2865 586 2907 monasterii,
608 2875 644 2900 v.
670 2876 706 2909 g.
733 2868 844 2910 prata
867 2869 903 2901 et
924 2866 1059 2902 hortos
1082 2867 1301 2912 contiguos,
1326 2867 1404 2903 nisi
1427 2870 1658 2913 separentur
1678 2878 1791 2903 muro
1812 2877 1901 2903 con-

199 2935 295 2970 gruo
316 2927 352 2959 et
370 2925 599 2970 jauuaelavi
613 2925 814 2968 obserata;
840 2926 1077 2968 sacristiam,
1099 2926 1176 2962 nisi
1196 2926 1356 2962 unicum
1370 2926 1512 2962 habeat
1524 2927 1676 2963 aditum
1689 2927 1755 2972 qui
1771 2926 1901 2973 sitper

200 2984 399 3018 eeclesiam
423 2984 617 3028 publicam
635 2995 642 3027 3
667 2994 735 3018 nm·
757 2985 1103 3029 comprehenditur
1121 2986 1185 3021 illa
1202 2986 1472 3032 probabiliter,
1491 2986 1524 3022 si
1543 2986 1683 3023 habeat
1703 2986 1900 3032 duplicem

2114 670 2145 706 [illl
