2145 3366
261 252 340 289 4:30
982 258 1093 286 PARS
1126 257 1251 285 NONA

262 437 387 494 quod
409 437 535 480 Deus
554 435 751 479 voluerit
768 434 826 477 ad
849 438 998 477 certas
1027 433 1312 476 mutationes
1335 433 1545 490 corporis
1569 438 1720 478 certas
1740 434 1789 477 in
1812 435 1967 478 anima

261 513 586 571 perceptiones
607 517 688 555 aut
715 516 873 555 motus
901 510 1109 566 excitari,
1141 514 1187 553 et
1214 510 1312 553 vice
1342 524 1490 565 versa,
1515 523 1599 568 pro
1630 510 1768 554 certis
1798 511 1967 555 animae

261 590 620 649 cogitationibus
642 602 724 633 seu
746 588 1066 632 voluntatibus
1094 592 1245 630 certos
1264 587 1312 630 in
1335 601 1530 644 corpore
1553 592 1706 631 motus
1728 588 1877 645 sequi.

319 674 395 717 470
422 673 592 717 Anima
615 672 823 715 humana
850 684 945 715 non
967 670 1240 714 immediate
1264 684 1289 714 a
1306 670 1402 714 Deo
1426 676 1629 727 creatur,
1651 670 1733 714 sed
1761 685 1785 714 a
1803 684 1968 728 paren-

261 751 385 795 tibus
400 764 483 808 per
505 749 859 807 generationem
882 747 1174 805 producitur,
1200 747 1363 791 saltem
1386 753 1614 806 quatenus
1637 753 1707 792 est
1729 748 1962 792 sensitiva.

318 834 396 877 480
435 833 613 890 Corpus
656 837 700 876 et
735 832 892 874 anima
931 831 1176 889 dynamice
1214 836 1422 885 tantum,
1459 844 1555 874 non
1587 845 1695 874 vero
1729 831 1966 874 entitative

258 911 509 965 uniuntur,
548 910 593 953 11.
626 923 666 953 e.
695 909 759 952 ita
792 901 1041 966 conjuncta
1070 913 1181 951 sunt
1214 913 1267 951 ut
1293 908 1342 950 in
1371 921 1419 952 se
1450 908 1649 952 invicem
1684 913 1836 966 agant,
1871 922 1965 952 non

258 1002 368 1031 vero
390 993 442 1031 ut
464 987 755 1031 constituant
776 999 916 1029 unam
940 990 1155 1029 naturam
1178 999 1260 1028 seu
1283 985 1549 1029 essentiam.

316 1071 394 1115 490
409 1070 707 1114 Conscientia
728 1069 800 1112 sui
815 1075 886 1112 est
899 1069 1016 1113 ratio
1039 1068 1249 1112 formalis
1268 1081 1500 1126 personae,
1519 1082 1604 1112 seu
1623 1081 1706 1125 per
1728 1068 1967 1112 conscien-

259 1149 370 1192 tiam
393 1148 466 1191 sui
494 1153 663 1191 natura
686 1145 926 1190 rationalis
948 1145 1251 1189 constituitur
1274 1158 1490 1202 persona.

315 1232 394 1276 500
436 1230 607 1274 Anima
653 1229 840 1286 corpori
886 1229 1034 1284 unita,
1082 1229 1254 1272 virtute
1300 1229 1500 1271 naturali
1541 1228 1591 1272 in
1636 1242 1746 1271 eum
1792 1233 1965 1272 statum

259 1309 501 1352 transferri
528 1312 699 1366 potest,
730 1307 778 1349 in
798 1320 888 1363 quo
914 1320 940 1349 a
961 1319 1156 1363 corpore
1180 1305 1522 1362 independens,
1543 1305 1599 1348 ad
1622 1305 1772 1349 instar
1797 1305 1967 1349 animae

257 1391 483 1444 separatae
503 1398 586 1429 seu
616 1384 721 1443 puri
743 1383 937 1441 spiritus
961 1388 1211 1441 cognoscat
1238 1388 1283 1427 et
1304 1382 1547 1440 intelligat.

313 1469 392 1514 510
414 1469 547 1512 Mens
569 1473 746 1522 nostra,
769 1480 822 1510 eo
843 1466 967 1523 quod
986 1465 1116 1510 finita
1140 1466 1213 1521 sit,
1243 1466 1361 1509 nihil
1385 1471 1510 1510 certo
1532 1465 1589 1509 de
1607 1465 1792 1510 infinito
1814 1470 1967 1523 potest

259 1547 378 1590 scire
396 1560 405 1601 3
426 1545 718 1604 proindeque
741 1558 766 1588 a
794 1543 930 1587 nobis
957 1543 1184 1601 disputari
1205 1544 1261 1586 de
1282 1542 1359 1587 illo
1388 1557 1629 1601 nunquam
1652 1543 1806 1586 debet.

315 1630 396 1674 520
418 1629 677 1673 Existentia
698 1628 781 1671 Dei
804 1632 873 1671 est
893 1627 1045 1684 prima
1070 1627 1239 1670 veritas
1268 1639 1370 1683 quae
1393 1631 1519 1670 certo
1542 1626 1854 1684 cognoscitur.

314 1713 393 1758 530
425 1713 493 1756 Ex
517 1712 766 1755 existentia
794 1711 914 1754 entis
944 1710 1258 1767 contingentis
1291 1709 1412 1753 male
1443 1709 1691 1753 deducitur
1720 1710 1965 1754 existentia

256 1791 375 1835 entis
403 1789 672 1845 necessarii,
697 1789 744 1833 h.
770 1802 810 1832 e.
834 1788 935 1832 Dei.

311 1874 390 1919 540
412 1872 697 1932 Hujusmodi
728 1871 1067 1915 demonstratio
1096 1871 1183 1914 Dei
1215 1885 1270 1914 ex
1301 1870 1545 1915 effectibus
1573 1870 1737 1914 saltem
1768 1884 1862 1914 non
1894 1875 1964 1915 est

254 1951 461 2009 perfecta
479 1950 573 1995 sive
591 1949 868 2007 apodictica.

311 2035 391 2079 550
419 2034 486 2078 Ex
513 2032 889 2077 consideratione
922 2045 1082 2075 rerum
1119 2036 1382 2075 creatarum
1411 2030 1495 2074 Dei
1521 2030 1723 2088 cognitio
1752 2031 1799 2074 in
1826 2030 1961 2074 nobis

254 2112 364 2155 oriri
387 2125 481 2155 non
501 2115 668 2168 potest,
694 2109 774 2153 sed
797 2114 978 2153 tantum
999 2107 1178 2166 perfici.

310 2195 389 2239 560
410 2194 699 2251 Principium
732 2192 939 2236 sentiens
962 2191 1013 2234 fit
1042 2191 1308 2249 intelligens
1338 2191 1441 2234 idea
1471 2191 1590 2235 entis
1621 2191 1662 2233 ei
1693 2191 1959 2234 communi-

252 2277 367 2328 cata,
390 2285 495 2330 quae
518 2270 712 2329 quidem
735 2269 839 2313 idea
861 2274 931 2313 est
951 2269 1051 2326 ipsa
1070 2268 1220 2312 forma
1242 2268 1524 2312 inteHectus.

310 2355 388 2399 570
412 2354 662 2412 Objectum
687 2352 811 2396 reale
833 2353 950 2396 ideae
974 2352 1093 2396 entis
1119 2351 1537 2395 transcendentalis
1556 2356 1601 2394 et
1618 2351 1957 2409 generalissimi

252 2437 321 2476 est
346 2432 488 2475 Deus.

311 2516 388 2560 580
412 2515 677 2572 Conceptus
705 2512 826 2556 finiti
855 2518 899 2557 et
922 2512 1254 2571 contingentis,
1279 2517 1441 2570 utpote
1471 2512 1757 2570 negationes,
1781 2512 1958 2569 absque

252 2592 424 2650 praevio
441 2597 486 2636 et
505 2590 784 2635 affirmativo
807 2594 1037 2648 conceptu
1060 2590 1181 2633 entis
1200 2589 1372 2633 infiniti
1389 2594 1434 2632 et
1449 2589 1699 2632 necessarii
1721 2588 1957 2632 efformari

252 2670 429 2727 nequit.

309 2750 387 2793 590
418 2748 524 2792 Non
558 2761 812 2805 possumus
842 2747 1090 2805 concipere
1128 2747 1353 2791 essentias
1386 2760 1545 2790 rerum
1582 2746 1669 2790 nisi
1699 2760 1752 2789 ex
1784 2747 1953 2803 praevio

252 2832 482 2884 conceptu
504 2825 604 2879 Dei,
627 2825 713 2868 etsi
738 2824 862 2868 Deus
889 2824 979 2868 hoc
1007 2830 1234 2882 conceptu
1262 2838 1355 2868 non
1378 2829 1685 2881 cognoscatur
1711 2823 1880 2866 reflexe
1908 2829 1952 2868 et

252 2904 467 2948 distincto
497 2902 577 2945 sed
608 2906 791 2945 tantum
825 2902 1001 2946 directe
1033 2906 1078 2945 et
1107 2902 1232 2945 velut
1263 2901 1310 2944 in
1338 2900 1548 2956 confuso,
1580 2900 1755 2943 scilicet
1777 2905 1826 2944 ut
1856 2901 1950 2944 Ens

251 2980 538 3037 simpliciter.
